% Encoding: UTF-8

%%%% A %%%%
@article{abirami2021impacts,
  title={Impacts of global warming on marine microbial communities},
  author={Abirami, Baskaran and Radhakrishnan, Manikkam and Kumaran, Subramanian and Wilson, Aruni},
  journal={Science of The Total Environment},
  volume={791},
  pages={147905},
  year={2021},
  publisher={Elsevier}
}

@article{abreu2022warmer,
  title={Warmer temperatures favor slower-growing bacteria in natural marine communities},
  author={Abreu, Clare Isabel and Dal Bello, Martina and Bunse, Carina and Pinhassi, Jarone and Gore, Jeff},
  journal={bioRxiv},
  pages={2022--07},
  year={2022},
  publisher={Cold Spring Harbor Laboratory}
}

@article{aiello1990timedelay,
title = {A time-delay model of single-species growth with stage structure},
journal = {Mathematical Biosciences},
volume = {101},
number = {2},
pages = {139-153},
year = {1990},
issn = {0025-5564},
doi = {https://doi.org/10.1016/0025-5564(90)90019-U},
url = {https://www.sciencedirect.com/science/article/pii/002555649090019U},
author = {Walter G. Aiello and H.I. Freedman},
abstract = {A single-species growth model with stage structure consisting of immature and mature stages is developed using a discrete time delay. It is shown that under suitable hypotheses there exists a globally asymptotically stable positive equilibrium. Questions concerning oscillation and nonoscillation of solutions are addressed analytically and numerically. The effect of the delay on the populations at equilibrium is also considered.}
}

@article{alberti2017viral,
  title={Viral to metazoan marine plankton nucleotide sequences from the Tara Oceans expedition},
  author={Alberti, Adriana and Poulain, Julie and Engelen, Stefan and Labadie, Karine and Romac, Sarah and Ferrera, Isabel and Albini, Guillaume and Aury, Jean-Marc and Belser, Caroline and Bertrand, Alexis and others},
  journal={Scientific data},
  volume={4},
  number={1},
  pages={1--20},
  year={2017},
  publisher={Nature Publishing Group}
}

@article{allesina2012stability,
  title={Stability criteria for complex ecosystems},
  author={Allesina, Stefano and Tang, Si},
  journal={Nature},
  volume={483},
  number={7388},
  pages={205--208},
  year={2012},
  publisher={Nature Publishing Group}
}

@article{allesina2015stability,
  title={The stability--complexity relationship at age 40: a random matrix perspective},
  author={Allesina, Stefano and Tang, Si},
  journal={Population Ecology},
  volume={57},
  number={1},
  pages={63--75},
  year={2015},
  publisher={Wiley Online Library}
}

@article{altieri2021properties,
  title={Properties of equilibria and glassy phases of the random Lotka-Volterra model with demographic noise},
  author={Altieri, Ada and Roy, Felix and Cammarota, Chiara and Biroli, Giulio},
  journal={Physical Review Letters},
  volume={126},
  number={25},
  pages={258301},
  year={2021},
  publisher={APS}
}

@article{altmann2016statistical,
  title={Statistical laws in linguistics},
  author={Altmann, Eduardo G and Gerlach, Martin},
  journal={Creativity and universality in language},
  pages={7--26},
  year={2016},
  publisher={Springer}
}

@article{amaral1998power,
  title={Power law scaling for a system of interacting units with complex internal structure},
  author={Amaral, LuisA Nunes and Buldyrev, Sergey V and Havlin, Shlomo and Salinger, Michael A and Stanley, H Eugene},
  journal={Physical Review Letters},
  volume={80},
  number={7},
  pages={1385},
  year={1998},
  publisher={APS}
}

@article{anderson1972more,
  title={More is different},
  author={Anderson, Philip W},
  journal={Science},
  volume={177},
  number={4047},
  pages={393--396},
  year={1972},
  publisher={JSTOR}
}

@article{anthony2023enumerating,
  title={Enumerating soil biodiversity},
  author={Anthony, Mark A and Bender, S Franz and van der Heijden, Marcel GA},
  journal={Proceedings of the National Academy of Sciences},
  volume={120},
  number={33},
  pages={e2304663120},
  year={2023},
  publisher={National Academy of Sciences}
}

@article{antoine1996oceanic,
  title={Oceanic primary production: 2. Estimation at global scale from satellite (coastal zone color scanner) chlorophyll},
  author={Antoine, David and Andr{\'e}, Jean-Michel and Morel, Andr{\'e}},
  journal={Global biogeochemical cycles},
  volume={10},
  number={1},
  pages={57--69},
  year={1996},
  publisher={Wiley Online Library}
}

@book{arditi2012species,
  title={How species interact: altering the standard view on trophic ecology},
  author={Arditi, Roger and Ginzburg, Lev R},
  year={2012},
  publisher={Oxford University Press}
}

@article{arenas2008synchronization,
  title={Synchronization in complex networks},
  author={Arenas, Alex and D{\'\i}az-Guilera, Albert and Kurths, Jurgen and Moreno, Yamir and Zhou, Changsong},
  journal={Physics reports},
  volume={469},
  number={3},
  pages={93--153},
  year={2008},
  publisher={Elsevier}
}

@article{armbrust2009life,
  title={The life of diatoms in the world's oceans},
  author={Armbrust, E},
  journal={Nature},
  volume={459},
  number={7244},
  pages={185--192},
  year={2009},
  publisher={Nature Publishing Group}
}

@article{armstrong1980competitive,
  title={Competitive exclusion},
  author={Armstrong, Richard A and McGehee, Richard},
  journal={The American Naturalist},
  volume={115},
  number={2},
  pages={151--170},
  year={1980},
  publisher={University of Chicago Press}
}

@article{arora2019carbon,
  title={Carbon-concentration and carbon-climate feedbacks in CMIP6 models, and their comparison to CMIP5 models},
  author={Arora, Vivek K and Katavouta, Anna and Williams, Richard G and Jones, Chris D and Brovkin, Victor and Friedlingstein, Pierre and Schwinger, J{\"o}rg and Bopp, Laurent and Boucher, Olivier and Cadule, Patricia and others},
  journal={Biogeosciences Discussions},
  volume={2019},
  pages={1--124},
  year={2019},
  publisher={G{\"o}ttingen, Germany}
}

@article{arous2021counting,
  title={Counting equilibria of large complex systems by instability index},
  author={Arous, G{\'e}rard Ben and Fyodorov, Yan V and Khoruzhenko, Boris A},
  journal={Proceedings of the National Academy of Sciences},
  volume={118},
  number={34},
  year={2021},
  publisher={National Acad Sciences}
}

@article{arrhenius1921species,
  title={Species and area},
  author={Arrhenius, Olof},
  journal={Journal of Ecology},
  volume={9},
  number={1},
  pages={95--99},
  year={1921},
  publisher={JSTOR}
}

@article{assmyetal2013PNAS,
  title={Thick-shelled, grazer-protected diatoms decouple ocean carbon and silicon cycles in the iron-limited Antarctic Circumpolar Current},
  author={Assmy, Philipp and Smetacek, Victor and Montresor, Marina and Klaas, Christine and Henjes, Joachim and Strass, Volker H and Arrieta, Jes{\'u}s M and Bathmann, Ulrich and Berg, Gry M and Breitbarth, Eike and others},
  journal={Proceedings of the National Academy of Sciences},
  volume={110},
  number={51},
  pages={20633--20638},
  year={2013},
  publisher={National Acad Sciences}
}

@article{averill2022defending,
  title={Defending Earth’s terrestrial microbiome},
  author={Averill, Colin and Anthony, Mark A and Baldrian, Petr and Finkbeiner, Felix and van den Hoogen, Johan and Kiers, Toby and Kohout, Petr and Hirt, Eliane and Smith, Gabriel Reuben and Crowther, Tom W},
  journal={Nature Microbiology},
  volume={7},
  number={11},
  pages={1717--1725},
  year={2022},
  publisher={Nature Publishing Group UK London}
}

@article{azaele2006,
  title={Dynamical evolution of ecosystems},
  author={Azaele, Sandro and Pigolotti, Simone and Banavar, Jayanth R and Maritan, Amos},
  journal={Nature},
  volume={444},
  number={7121},
  pages={926--928},
  year={2006},
  publisher={Nature Publishing Group}
}

@article{azaele2006dynamical,
  title={Dynamical evolution of ecosystems},
  author={Azaele, Sandro and Pigolotti, Simone and Banavar, Jayanth R. and Maritan, Amos},
  year={2006},
  journal={Nature},
  doi={https://doi.org/10.1038/nature05320
DO  - 10.1038/nature05320}
}

@article{azaele2016statistical,
  title={Statistical mechanics of ecological systems: Neutral theory and beyond},
  author={Azaele, Sandro and Suweis, Samir and Grilli, Jacopo and Volkov, Igor and Banavar, Jayanth R and Maritan, Amos},
  journal={Reviews of Modern Physics},
  volume={88},
  number={3},
  pages={035003},
  year={2016},
  publisher={APS}
}

@article{azaele2024generalized,
  title={Generalized Dynamical Mean Field Theory for Non-Gaussian Interactions},
  author={Azaele, Sandro and Maritan, Amos},
  journal={Physical Review Letters},
  volume={133},
  number={12},
  pages={127401},
  year={2024},
  publisher={APS}
}


%%%% B %%%%
@Book{baasbecking1934book,
  title     = {Geobiologie of inleiding tot de milieukunde},
  publisher = {WP Van Stockum \& Zoon},
  year      = {1934},
  author    = {Baas Becking, Lourens Gerhard Marinus},
  note      = {accessible as Baas Becking's: Geobiology, Or Introduction to Environmental Science, First Edition. Edited by Don E. Canfield, 2016 John Wiley \& Sons Ltd.},
}

@article{barabas2016effect,
  title={The effect of intra-and interspecific competition on coexistence in multispecies communities},
  author={Barab{\'a}s, Gy{\"o}rgy and J. Michalska-Smith, Matthew and Allesina, Stefano},
  journal={The American Naturalist},
  volume={188},
  number={1},
  pages={E1--E12},
  year={2016},
  publisher={University of Chicago Press Chicago, IL}
}

@article{barbier2018generic,
  title={Generic assembly patterns in complex ecological communities},
  author={Barbier, Matthieu and Arnoldi, Jean-Fran{\c{c}}ois and Bunin, Guy and Loreau, Michel},
  journal={Proceedings of the National Academy of Sciences},
  volume={115},
  number={9},
  pages={2156--2161},
  year={2018},
  publisher={National Acad Sciences}
}

@article{bardoscia2017pathways,
  title={Pathways towards instability in financial networks},
  author={Bardoscia, Marco and Battiston, Stefano and Caccioli, Fabio and Caldarelli, Guido},
  journal={Nature Communications},
  volume={8},
  number={1},
  pages={1--7},
  year={2017},
  publisher={Nature Publishing Group}
}

@Article{baronetal2018PNAS,
  author    = {Bar-On, Yinon M and Phillips, Rob and Milo, Ron},
  title     = {The biomass distribution on Earth},
  journal   = {Proceedings of the National Academy of Sciences},
  year      = {2018},
  volume    = {115},
  number    = {25},
  pages     = {6506--6511},
  doi       = {https://doi.org/10.1073/pnas.1711842115},
  publisher = {National Acad Sciences},
}

@Article{bartonetal2013EL,
  author   = {Barton, Andrew D. and Pershing, Andrew J. and Litchman, Elena and Record, Nicholas R. and Edwards, Kyle F. and Finkel, Zoe V. and Kiørboe, Thomas and Ward, Ben A.},
  title    = {The biogeography of marine plankton traits},
  journal  = {Ecology Letters},
  year     = {2013},
  volume   = {16},
  number   = {4},
  pages    = {522--534},
  abstract = {Abstract Changes in marine plankton communities driven by environmental variability impact the marine food web and global biogeochemical cycles of carbon and other elements. To predict and assess these community shifts and their consequences, ecologists are increasingly investigating how the functional traits of plankton determine their relative fitness along environmental and biological gradients. Laboratory, field and modelling studies are adopting this trait-based approach to map the biogeography of plankton traits that underlies variations in plankton communities. Here, we review progress towards understanding the regulatory roles of several key plankton functional traits, including cell size, N2-fixation and mixotrophy among phytoplankton, and body size, ontogeny and feeding behaviour for zooplankton. The trait biogeographical approach sheds light on what structures plankton communities in the current ocean, as well as under climate change scenarios, and also allows for finer resolution of community function because community trait composition determines the rates of significant processes, including carbon export. Although understanding of trait biogeography is growing, uncertainties remain that stem, in part, from the paucity of observations describing plankton functional traits. Thus, in addition to recommending widespread adoption of the trait-based approach, we advocate for enhanced collection, standardisation and dissemination of plankton functional trait data.},
  doi      = {10.1111/ele.12063},
  keywords = {Biogeochemistry, biogeography, diazotroph, microbe, mixotrophy, ocean, phytoplankton, predator-prey, trait, zooplankton},
}

@article{beaugrand2018marine,
  title={How do marine pelagic species respond to climate change? Theories and observations},
  author={Beaugrand, Gr{\'e}gory and Kirby, Richard R},
  journal={Annual Review of Marine Science},
  volume={10},
  number={1},
  pages={169--197},
  year={2018},
  publisher={Annual Reviews}
}

@article{behrenfeld1997photosynthetic,
  title={Photosynthetic rates derived from satellite-based chlorophyll concentration},
  author={Behrenfeld, Michael J and Falkowski, Paul G},
  journal={Limnology and oceanography},
  volume={42},
  number={1},
  pages={1--20},
  year={1997},
  publisher={Wiley Online Library}
}

@article{behrenfeld2010abandoning,
  title={Abandoning Sverdrup's critical depth hypothesis on phytoplankton blooms},
  author={Behrenfeld, Michael J},
  journal={Ecology},
  volume={91},
  number={4},
  pages={977--989},
  year={2010},
  publisher={Wiley Online Library}
}

@article{behrenfeld2021phytoplankton,
  title={Phytoplankton biodiversity and the inverted paradox},
  author={Behrenfeld, Michael J and O’Malley, Robert and Boss, Emmanuel and Karp-Boss, Lee and Mundt, Christopher},
  journal={ISME Communications},
  volume={1},
  number={1},
  pages={1--9},
  year={2021},
  publisher={Nature Publishing Group}
}

@article{berendsen2012rhizosphere,
  title={The rhizosphere microbiome and plant health},
  author={Berendsen, Roeland L and Pieterse, Corn{\'e} MJ and Bakker, Peter AHM},
  journal={Trends in plant science},
  volume={17},
  number={8},
  pages={478--486},
  year={2012},
  publisher={Elsevier}
}

@article{bestehorn2000order,
  title={Order parameters for class-B lasers with a long time delayed feedback},
  author={Bestehorn, Michael and Grigorieva, EV and Haken, H and Kaschenko, SA},
  journal={Physica D: Nonlinear Phenomena},
  volume={145},
  number={1-2},
  pages={110--129},
  year={2000},
  publisher={Elsevier}
}

@article{bezanson2017julia,
  title={Julia: A fresh approach to numerical computing},
  author={Bezanson, Jeff and Edelman, Alan and Karpinski, Stefan and Shah, Viral B},
  journal={SIAM review},
  volume={59},
  number={1},
  pages={65--98},
  year={2017},
  publisher={SIAM},
  url={https://doi.org/10.1137/141000671}
}

@article{biroli2018marginally,
  title={Marginally stable equilibria in critical ecosystems},
  author={Biroli, Giulio and Bunin, Guy and Cammarota, Chiara},
  journal={New Journal of Physics},
  volume={20},
  number={8},
  pages={083051},
  year={2018},
  publisher={IOP Publishing}
}

@article{blasius1999complex,
  title={Complex dynamics and phase synchronization in spatially extended ecological systems},
  author={Blasius, Bernd and Huppert, Amit and Stone, Lewi},
  journal={Nature},
  volume={399},
  number={6734},
  pages={354--359},
  year={1999},
  publisher={Nature Publishing Group UK London}
}

@article{blasius2020long,
  title={Long-term cyclic persistence in an experimental predator--prey system},
  author={Blasius, Bernd and Rudolf, Lars and Weithoff, Guntram and Gaedke, Ursula and Fussmann, Gregor F},
  journal={Nature},
  volume={577},
  number={7789},
  pages={226--230},
  year={2020},
  publisher={Nature Publishing Group UK London}
}

@article{bopp2013multiple,
  title={Multiple stressors of ocean ecosystems in the 21st century: projections with CMIP5 models},
  author={Bopp, Laurent and Resplandy, Laure and Orr, James C and Doney, Scott C and Dunne, John P and Gehlen, M and Halloran, P and Heinze, Christoph and Ilyina, Tatiana and Seferian, Roland and others},
  journal={Biogeosciences},
  volume={10},
  number={10},
  pages={6225--6245},
  year={2013},
  publisher={Copernicus GmbH}
}

@Article{boyceteal2015EL,
  author   = {Boyce, Daniel G. and Frank, Kenneth T. and Leggett, William C.},
  title    = {From mice to elephants: overturning the "one size fits all" paradigm in marine plankton food chains},
  journal  = {Ecology Letters},
  year     = {2015},
  volume   = {18},
  number   = {6},
  pages    = {504-515},
  abstract = {Abstract It is widely believed that consumer control is a weak regulator of marine phytoplankton communities. It remains unclear, however, why this should be the case when marine consumers routinely regulate their prey at higher trophic levels. One possibility is that the weak consumer control of phytoplankton communities results from the inability of field researchers to effectively account for consumer-prey trophic relationships operating at the scale of the plankton. We explored this issue by reviewing studies of trophic control in marine plankton. Experimental studies indicate that size is a critical determinant of feeding relationships among plankton. In sharp contrast, of the 51 field studies reviewed, 78\% did not distinguish among the sizes or species of phytoplankton and their consumers, but instead assumed a general bulk phytoplankton-zooplankton trophic connection. Such an approach neglects the possibility that several trophic connections may separate the smallest phytoplankton (0.2 $\mu$m) from the larger zooplankton ($\sim$1000 $\mu$m), a remarkable size differential exceeding that between a mouse ($\sim$10 cm) and an elephant ($\sim$2500 cm). The size-based approach we propose integrates theory, experiments and field observations and has the potential to greatly enhance our understanding of the causes and consequences of recently documented restructuring of plankton communities.},
  doi      = {10.1111/ele.12434},
  keywords = {Consumer control, marine plankton, resource control, size-based predation, trophic control},
}

@article{boyd2018experimental,
  title={Experimental strategies to assess the biological ramifications of multiple drivers of global ocean change—a review},
  author={Boyd, Philip W and Collins, Sinead and Dupont, Sam and Fabricius, Katharina and Gattuso, Jean-Pierre and Havenhand, Jonathan and Hutchins, David A and Riebesell, Ulf and Rintoul, Max S and Vichi, Marcello and others},
  journal={Global change biology},
  volume={24},
  number={6},
  pages={2239--2261},
  year={2018},
  publisher={Wiley Online Library}
}

@article{boyd2019multi,
  title={Multi-faceted particle pumps drive carbon sequestration in the ocean},
  author={Boyd, Philip W and Claustre, Herv{\'e} and Levy, Marina and Siegel, David A and Weber, Thomas},
  journal={Nature},
  volume={568},
  number={7752},
  pages={327--335},
  year={2019},
  publisher={Nature Publishing Group UK London}
}

@book{bressloff2014stochastic,
  title={Stochastic processes in cell biology},
  author={Bressloff, Paul C},
  volume={41},
  year={2014},
  publisher={Springer}
}

@article{bricaud2007retrieval,
  title={Retrieval of pigment concentrations and size structure of algal populations from their absorption spectra using multilayered perceptrons},
  author={Bricaud, Annick and Mejia, Carlos and Blondeau-Patissier, David and Claustre, Herv{\'e} and Crepon, Michel and Thiria, Sylvie},
  journal={Applied Optics},
  volume={46},
  number={8},
  pages={1251--1260},
  year={2007},
  publisher={Optica Publishing Group}
}

@article{brooks1998general,
    title={General Methods for Monitoring Convergence of Iterative Simulations},
    author={Brooks, S P and Gelman, A},
    journal={Journal of Computational and Graphical Statistics},
    volume={7},
    number={4},
    pages={434--455},
    year={1998},
    publisher={{Taylor\&Francis Group}},
    url={https://doi.org/10.1080/10618600.1998.10474787}

}

@book{brown1995macroecology,
  title={Macroecology},
  author={Brown, James H and others},
  year={1995},
  publisher={University of Chicago Press}
}

@article{brown2004toward,
  title={Toward a metabolic theory of ecology},
  author={Brown, James H and Gillooly, James F and Allen, Andrew P and Savage, Van M and West, Geoffrey B},
  journal={Ecology},
  volume={85},
  number={7},
  pages={1771--1789},
  year={2004},
  publisher={Wiley Online Library}
}

@article{brown2015scraping,
  title={Scraping the bottom of the barrel: are rare high throughput sequences artifacts?},
  author={Brown, Shawn P and Veach, Allison M and Rigdon-Huss, Anne R and Grond, Kirsten and Lickteig, Spencer K and Lothamer, Kale and Oliver, Alena K and Jumpponen, Ari},
  journal={fungal ecology},
  volume={13},
  pages={221--225},
  year={2015},
  publisher={Elsevier}
}

@Article{buitenhuisetal2013ESSD,
  author    = {Buitenhuis, Erik T and Vogt, Meike and Moriarty, R{\'o}is{\'\i}n and Bednar{\v{s}}ek, Nina and Doney, Scott C and Leblanc, Karine and Qu{\'e}r{\'e}, C Le and Luo, Y-W and O'Brien, Colleen and O'Brien, Todd and others},
  title     = {MAREDAT: towards a world atlas of MARine Ecosystem DATa},
  journal   = {Earth System Science Data},
  year      = {2013},
  volume    = {5},
  number    = {2},
  pages     = {227--239},
  publisher = {Copernicus GmbH},
}

@article{bunin2016interaction,
  title={Interaction patterns and diversity in assembled ecological communities},
  author={Bunin, Guy},
  journal={arXiv preprint arXiv:1607.04734},
  year={2016}
}

@article{bunin2017ecological,
  title={Ecological communities with Lotka-Volterra dynamics},
  author={Bunin, Guy},
  journal={Physical Review E},
  volume={95},
  number={4},
  pages={042414},
  year={2017},
  publisher={APS}
}

@Article{bussenietal2020GEB,
  author    = {Busseni, Greta and Caputi, Luigi and Piredda, Roberta and Fremont, Paul and Hay Mele, Bruno and Campese, Lucia and Scalco, Eleonora and de Vargas, Colomban and Bowler, Chris and d'Ovidio, Francesco and Zingone, Adriana and Ribera d’Alcalà, Maurizio and Iudicone, Daniele},
  title     = {Large scale patterns of marine diatom richness: Drivers and trends in a changing ocean},
  journal   = {Global Ecology and Biogeography},
  year      = {2020},
  doi       = {10.1111/geb.13161},
  publisher = {Wiley Online Library},
  url       = {https://doi.org/10.1111/geb.13161},
}

@article{butcher1952contributions,
  title={Contributions to our knowledge of the smaller marine algae},
  author={Butcher, RW},
  journal={Journal of the Marine Biological Association of the United Kingdom},
  volume={31},
  number={1},
  pages={175--191},
  year={1952},
  publisher={Cambridge University Press}
}

@article{butler2018stability,
  title={Stability criteria for complex microbial communities},
  author={Butler, Stacey and O’Dwyer, James P},
  journal={Nature communications},
  volume={9},
  number={1},
  pages={1--10},
  year={2018},
  publisher={Nature Publishing Group}
}


%%%% C %%%%
@article{caldeira1981influence,
  title={Influence of dissipation on quantum tunneling in macroscopic systems},
  author={Caldeira, Amir O and Leggett, Anthony J},
  journal={Physical review letters},
  volume={46},
  number={4},
  pages={211},
  year={1981},
  publisher={APS}
}

@Article{caputietal2019GBC,
  author    = {Caputi, Luigi and Carradec, Quentin and Eveillard, Damien and Kirilovsky, Amos and Pelletier, Eric and Pierella Karlusich, Juan J and Rocha Jimenez Vieira, Fabio and Villar, Emilie and Chaffron, Samuel and Malviya, Shruti and others},
  title     = {Community-level responses to iron availability in open ocean plankton ecosystems},
  journal   = {Global Biogeochemical Cycles},
  year      = {2019},
  volume    = {33},
  number    = {3},
  pages     = {391--419},
  publisher = {Wiley Online Library},
}

@article{carr2003comparing,
  title={Comparing marine and terrestrial ecosystems: implications for the design of coastal marine reserves},
  author={Carr, Mark H and Neigel, Joseph E and Estes, James A and Andelman, Sandy and Warner, Robert R and Largier, John L},
  journal={Ecological Applications},
  volume={13},
  number={sp1},
  pages={90--107},
  year={2003},
  publisher={Wiley Online Library}
}

@article{carradec2018global,
  title={A global ocean atlas of eukaryotic genes},
  author={Carradec, Quentin and Pelletier, Eric and Da Silva, Corinne and Alberti, Adriana and Seeleuthner, Yoann and Blanc-Mathieu, Romain and Lima-Mendez, Gipsi and Rocha, Fabio and Tirichine, Leila and Labadie, Karine and others},
  journal={Nature communications},
  volume={9},
  number={1},
  pages={373},
  year={2018},
  publisher={Nature Publishing Group UK London}
}

@article{carstensenetal2015ECSS,
  title={Phytoplankton blooms in estuarine and coastal waters: Seasonal patterns and key species},
  author={Carstensen, Jacob and Klais, Riina and Cloern, James E},
  journal={Estuarine, Coastal and Shelf Science},
  volume={162},
  pages={98--109},
  year={2015},
  publisher={Elsevier}
}

@Article{cavalier-smith1993MMBR,
  author    = {Cavalier-Smith, T},
  title     = {Kingdom protozoa and its 18 phyla.},
  journal   = {Microbiology and molecular biology reviews},
  year      = {1993},
  volume    = {57},
  number    = {4},
  pages     = {953--994},
  publisher = {Am Soc Microbiol},
}

@article{cavicchioli2019scientists,
  title={Scientists’ warning to humanity: microorganisms and climate change},
  author={Cavicchioli, Ricardo and Ripple, William J and Timmis, Kenneth N and Azam, Farooq and Bakken, Lars R and Baylis, Matthew and Behrenfeld, Michael J and Boetius, Antje and Boyd, Philip W and Classen, Aim{\'e}e T and others},
  journal={Nature Reviews Microbiology},
  volume={17},
  number={9},
  pages={569--586},
  year={2019},
  publisher={Nature Publishing Group}
}

@article{ceballos2018misunderstood,
  title={The misunderstood sixth mass extinction},
  author={Ceballos, Gerardo and Ehrlich, Paul R},
  journal={Science},
  volume={360},
  number={6393},
  pages={1080--1081},
  year={2018},
  publisher={American Association for the Advancement of Science}
}

@book{chase2003ecological,
  title={Ecological Niches: Linking Classical and Contemporary Approaches},
  author={Chase, Jonathan M and Leibold, Mathew A},
  year={2003},
  publisher={University of Chicago Press}
}

@article{chen2008dynamics,
  title={Dynamics and control of a financial system with time-delayed feedbacks},
  author={Chen, Wei-Ching},
  journal={Chaos, Solitons \& Fractals},
  volume={37},
  number={4},
  pages={1198--1207},
  year={2008},
  publisher={Elsevier}
}

@article{chepurnov2004experimental,
  title={Experimental studies on sexual reproduction in diatoms.},
  author={Chepurnov, Victor A and Mann, David G and Sabbe, Koen and Vyverman, Wim},
  journal={International review of cytology},
  volume={237},
  pages={91--154},
  year={2004}
}

@article{chesson2000mechanisms,
  title={Mechanisms of maintenance of species diversity},
  author={Chesson, Peter},
  journal={Annual review of Ecology and Systematics},
  volume={31},
  number={1},
  pages={343--366},
  year={2000},
  publisher={Annual Reviews 4139 El Camino Way, PO Box 10139, Palo Alto, CA 94303-0139, USA}
}

@article{chisholm1988novel,
  title={A novel free-living prochlorophyte abundant in the oceanic euphotic zone},
  author={Chisholm, Sallie W and Olson, Robert J and Zettler, Erik R and Goericke, Ralf and Waterbury, John B and Welschmeyer, Nicholas A},
  journal={Nature},
  volume={334},
  number={6180},
  pages={340--343},
  year={1988},
  publisher={Nature Publishing Group UK London}
}

@article{chisholm2010niche,
  title={Niche and neutral models predict asymptotically equivalent species abundance distributions in high-diversity ecological communities},
  author={Chisholm, Ryan A and Pacala, Stephen W},
  journal={Proceedings of the National Academy of Sciences},
  volume={107},
  number={36},
  pages={15821--15825},
  year={2010},
  publisher={National Acad Sciences}
}

@article{clark2009beyond,
  title={Beyond neutral science},
  author={Clark, James S},
  journal={Trends in ecology \& evolution},
  volume={24},
  number={1},
  pages={8--15},
  year={2009},
  publisher={Elsevier}
}

@article{clark2010high,
  title={High-dimensional coexistence based on individual variation: a synthesis of evidence},
  author={Clark, James S and Bell, David and Chu, Chengjin and Courbaud, Benoit and Dietze, Michael and Hersh, Michelle and HilleRisLambers, Janneke and Ib{\'a}{\v{s}}ez, In{\'e}s and LaDeau, Shannon and McMahon, Sean and others},
  journal={Ecological Monographs},
  volume={80},
  number={4},
  pages={569--608},
  year={2010},
  publisher={Wiley Online Library}
}

@article{clark2017evolution,
  title={The evolution of process-based hydrologic models: historical challenges and the collective quest for physical realism},
  author={Clark, Martyn P and Bierkens, Marc FP and Samaniego, Luis and Woods, Ross A and Uijlenhoet, Remko and Bennett, Katrina E and Pauwels, Valentijn and Cai, Xitian and Wood, Andrew W and Peters-Lidard, Christa D},
  journal={Hydrology and Earth System Sciences},
  volume={21},
  number={7},
  pages={3427--3440},
  year={2017},
  publisher={Copernicus GmbH}
}

@article{cohen1984stability,
  title={The stability of large random matrices and their products},
  author={Cohen, Joel E and Newman, Charles M},
  journal={The Annals of Probability},
  pages={283--310},
  year={1984},
  publisher={JSTOR}
}

@article{coleman1981random,
  title={On random placement and species-area relations},
  author={Coleman, Bernard D},
  journal={Mathematical Biosciences},
  volume={54},
  number={3-4},
  pages={191--215},
  year={1981},
  publisher={Elsevier}
}

@article{condit2002beta,
  title={Beta-diversity in tropical forest trees},
  author={Condit, Richard and Pitman, Nigel and Leigh Jr, Egbert G and Chave, J{\'e}r{\^o}me and Terborgh, John and Foster, Robin B and N{\'u}nez, Percy and Aguilar, Salom{\'o}n and Valencia, Renato and Villa, Gorky and others},
  journal={Science},
  volume={295},
  number={5555},
  pages={666--669},
  year={2002},
  publisher={American Association for the Advancement of Science}
}

@article{connell1978diversity,
  title={Diversity in tropical rain forests and coral reefs},
  author={Connell, Joseph H},
  journal={Science},
  volume={199},
  number={4335},
  pages={1302--1310},
  year={1978},
  publisher={American Association for the Advancement of Science}
}

@article{corless1993lambert,
  title={Lambert’s W function in Maple},
  author={Corless, Robert M and Gonnet, Gaston H and Hare, Dave EG and Jeffrey, David J and Knuth, DE},
  journal={Maple Technical Newsletter},
  volume={9},
  number={1},
  pages={12--22},
  year={1993}
}

@article{corless1996lambertw,
  title={On the LambertW function},
  author={Corless, Robert M and Gonnet, Gaston H and Hare, David EG and Jeffrey, David J and Knuth, Donald E},
  journal={Advances in Computational mathematics},
  volume={5},
  number={1},
  pages={329--359},
  year={1996},
  publisher={Springer}
}

@article{cosentino2009universal,
  title={Universal features in the genome-level evolution of protein domains},
  author={Cosentino Lagomarsino, Marco and Sellerio, Alessandro L and Heijning, Philip D and Bassetti, Bruno},
  journal={Genome biology},
  volume={10},
  pages={1--13},
  year={2009},
  publisher={Springer}
}

@article{cui2024houches,
  title={Les Houches Lectures on Community Ecology: From Niche Theory to Statistical Mechanics},
  author={Cui, Wenping and Marsland III, Robert and Mehta, Pankaj},
  journal={ArXiv},
  year={2024},
  publisher={arXiv}
}

@article{cullen2015ARMS,
  title={Subsurface chlorophyll maximum layers: enduring enigma or mystery solved?},
  author={Cullen, John J},
  journal={Annual Review of Marine Science},
  volume={7},
  pages={207--239},
  year={2015},
  publisher={Annual Reviews}
}


%%%% D %%%%
@article{dovidio2010fluid,
  title={Fluid dynamical niches of phytoplankton types},
  author={d’Ovidio, Francesco and De Monte, Silvia and Alvain, S{\'e}verine and Dandonneau, Yves and L{\'e}vy, Marina},
  journal={Proceedings of the National Academy of Sciences},
  volume={107},
  number={43},
  pages={18366--18370},
  year={2010},
  publisher={National Acad Sciences}
}

@article{dandrea2016challenges,
  title={Challenges in linking trait patterns to niche differentiation},
  author={D'Andrea, Rafael and Ostling, Annette},
  journal={Oikos},
  volume={125},
  number={10},
  pages={1369--1385},
  year={2016},
  publisher={Wiley Online Library}
}

@article{dahmen2000life,
  title={Life and death near a windy oasis},
  author={Dahmen},
  journal={Journal of mathematical biology},
  volume={41},
  pages={1--23},
  year={2000},
  publisher={Springer}
}

@book{darwin1859origin,
  title={On the Origin of Species by Means of Natural
Selection, or the Preservation of Favoured Races
in the Struggle for Life},
  author={Darwin, Charles},
  volume={167},
  year={1859},
  publisher={John Murray, London}
}

@article{dell2011systematic,
  title={Systematic variation in the temperature dependence of physiological and ecological traits},
  author={Dell, Anthony I and Pawar, Samraat and Savage, Van M},
  journal={Proceedings of the National Academy of Sciences},
  volume={108},
  number={26},
  pages={10591--10596},
  year={2011},
  publisher={National Acad Sciences}
}

@article{dennis1984gamma,
title = {The gamma distribution and weighted multimodal gamma distributions as models of population abundance},
journal = {Mathematical Biosciences},
volume = {68},
number = {2},
pages = {187-212},
year = {1984},
issn = {0025-5564},
doi = {https://doi.org/10.1016/0025-5564(84)90031-2},
url = {https://www.sciencedirect.com/science/article/pii/0025556484900312},
author = {B. Dennis and G.P. Patil},
}

@article{devargas2015eukaryotic,
  title={Eukaryotic plankton diversity in the sunlit ocean},
  author={De Vargas, Colomban and Audic, St{\'e}phane and Henry, Nicolas and Decelle, Johan and Mah{\'e}, Fr{\'e}d{\'e}ric and Logares, Ramiro and Lara, Enrique and Berney, C{\'e}dric and Le Bescot, Noan and Probert, Ian and others},
  journal={Science},
  volume={348},
  number={6237},
  pages={1261605},
  year={2015},
  publisher={American Association for the Advancement of Science}
}


@InCollection{dickey1990inbook,
  author    = {Dickey, Thomas D},
  title     = {Physical-optical-biological scales relevant to recruitment in large marine ecosystems},
  booktitle = {Large patterns marine processes ecosystems and yields},
  publisher = {Am. Assoc. Adv. Sci., Washington DC},
  year      = {1990},
  editor    = {K.L.M., Sherman and B., Alexander and B.D. Gold},
  chapter   = {7},
  pages     = {82--98},
}

@article{dietze2018iterative,
  title={Iterative near-term ecological forecasting: Needs, opportunities, and challenges},
  author={Dietze, Michael C and Fox, Andrew and Beck-Johnson, Lindsay M and Betancourt, Julio L and Hooten, Mevin B and Jarnevich, Catherine S and Keitt, Timothy H and Kenney, Melissa A and Laney, Christine M and Larsen, Laurel G and others},
  journal={Proceedings of the National Academy of Sciences},
  volume={115},
  number={7},
  pages={1424--1432},
  year={2018},
  publisher={National Acad Sciences}
}

@article{ditlevsen2010tipping,
  title={Tipping points: early warning and wishful thinking},
  author={Ditlevsen, Peter D and Johnsen, Sigfus J},
  journal={Geophysical Research Letters},
  volume={37},
  number={19},
  year={2010},
  publisher={Wiley Online Library}
}

@article{dore2009physical,
  title={Physical and biogeochemical modulation of ocean acidification in the central North Pacific},
  author={Dore, John E and Lukas, Roger and Sadler, Daniel W and Church, Matthew J and Karl, David M},
  journal={Proceedings of the National Academy of Sciences},
  volume={106},
  number={30},
  pages={12235--12240},
  year={2009},
  publisher={National Acad Sciences}
}

@article{dorfler2013synchronization,
  title={Synchronization in complex oscillator networks and smart grids},
  author={D{\"o}rfler, Florian and Chertkov, Michael and Bullo, Francesco},
  journal={Proceedings of the National Academy of Sciences},
  volume={110},
  number={6},
  pages={2005--2010},
  year={2013},
  publisher={National Acad Sciences}
}

@article{dorfler2014synchronization,
  title={Synchronization in complex networks of phase oscillators: A survey},
  author={D{\"o}rfler, Florian and Bullo, Francesco},
  journal={Automatica},
  volume={50},
  number={6},
  pages={1539--1564},
  year={2014},
  publisher={Elsevier}
}

@article{dornelas2014assemblage,
  title={Assemblage time series reveal biodiversity change but not systematic loss},
  author={Dornelas, Maria and Gotelli, Nicholas J and McGill, Brian and Shimadzu, Hideyasu and Moyes, Faye and Sievers, Caya and Magurran, Anne E},
  journal={Science},
  volume={344},
  number={6181},
  pages={296--299},
  year={2014},
  publisher={American Association for the Advancement of Science}
}

@article{downing2008environmental,
  title={Environmental fluctuations induce scale-dependent compensation and increase stability in plankton ecosystems},
  author={Downing, Amy L and Brown, Bryan L and Perrin, Elizabeth M and Keitt, Timothy H and Leibold, Mathew A},
  journal={Ecology},
  volume={89},
  number={11},
  pages={3204--3214},
  year={2008},
  publisher={Wiley Online Library}
}

@article{duarte2015seafaring,
  title={Seafaring in the 21st century: the Malaspina 2010 circumnavigation expedition},
  author={Duarte, Carlos M},
  year={2015},
  publisher={Wiley},
  journal={Limnology and Oceanography Bulletin}
}

@Article{duarteetal2020EM,
  author    = {Duarte, Carlos M and Ngugi, David K and Alam, Intikhab and Pearman, John and Kamau, Allan and Eguiluz, Victor M and Gojobori, Takashi and Acinas, Silvia G and Gasol, Josep M and Bajic, Vladimir and others},
  title     = {Sequencing Effort Dictates Gene Discovery in Marine Microbial Metagenomes},
  journal   = {Environmental Microbiology},
  year      = {2020},
  doi       = {https://doi.org/10.1111/1462-2920.15182},
  publisher = {Wiley Online Library},
  url       = {https://sfamjournals.onlinelibrary.wiley.com/doi/10.1111/1462-2920.15182},
}

@article{dutkiewicz2015impact,
  title={Impact of ocean acidification on the structure of future phytoplankton communities},
  author={Dutkiewicz, Stephanie and Morris, J Jeffrey and Follows, Michael J and Scott, Jeffery and Levitan, Orly and Dyhrman, Sonya T and Berman-Frank, Ilana},
  journal={Nature Climate Change},
  volume={5},
  number={11},
  pages={1002--1006},
  year={2015},
  publisher={Nature Publishing Group UK London}
}


%%%% E %%%%
@Article{edelmanandgally2001PNAS,
  author    = {Edelman, Gerald M and Gally, Joseph A},
  title     = {Degeneracy and complexity in biological systems},
  journal   = {Proceedings of the National Academy of Sciences},
  year      = {2001},
  volume    = {98},
  number    = {24},
  pages     = {13763--13768},
  publisher = {National Acad Sciences},
}

@article{enquist2024developing,
  title={Developing a predictive science of the biosphere requires the integration of scientific cultures},
  author={Enquist, Brian J and Kempes, Christopher P and West, Geoffrey B},
  journal={Proceedings of the National Academy of Sciences},
  volume={121},
  number={19},
  pages={e2209196121},
  year={2024},
  publisher={National Acad Sciences}
}

@book{egerton2012roots,
  title={Roots of ecology: antiquity to Haeckel},
  author={Egerton, Frank N},
  year={2012},
  publisher={Univ of California Press}
}

@article{eisler2008fluctuation,
  title={Fluctuation scaling in complex systems: Taylor's law and beyond},
  author={Eisler, Zolt{\'a}n and Bartos, Imre and Kert{\'e}sz, J{\'a}nos},
  journal={Advances in Physics},
  volume={57},
  number={1},
  pages={89--142},
  year={2008},
  publisher={Taylor \& Francis}
}

@article{elton1942ten,
  title={The ten-year cycle in numbers of the lynx in Canada},
  author={Elton, Charles and Nicholson, Mary},
  journal={The Journal of Animal Ecology},
  pages={215--244},
  year={1942},
  publisher={JSTOR}
}

@book{elton2020ecology,
  title={The ecology of invasions by animals and plants},
  author={Elton, Charles S},
  year={2020},
  publisher={Springer Nature}
}

@article{estrada2016phytoplankton,
  title={Phytoplankton across tropical and subtropical regions of the Atlantic, Indian and Pacific oceans},
  author={Estrada, Marta and Delgado, Maximino and Blasco, Dolors and Latasa, Mikel and Cabello, Ana Mar{\'\i}a and Ben{\'\i}tez-Barrios, Ver{\'o}nica and Fraile-Nuez, Eugenio and Mozeti{\v{c}}, Patricija and Vidal, Montserrat},
  journal={PLoS One},
  volume={11},
  number={3},
  pages={e0151699},
  year={2016},
  publisher={Public Library of Science San Francisco, CA USA}
}

@article{etienne2005confronting,
  title={Confronting different models of community structure to species-abundance data: a Bayesian model comparison},
  author={Etienne, Rampal S and Olff, Han},
  journal={Ecology letters},
  volume={8},
  number={5},
  pages={493--504},
  year={2005},
  publisher={Wiley Online Library}
}

@article{etienne2005dispersal,
  title={A dispersal-limited sampling theory for species and alleles},
  author={Etienne, Rampal S and Alonso, David},
  journal={Ecology letters},
  volume={8},
  number={11},
  pages={1147--1156},
  year={2005},
  publisher={Wiley Online Library}
}

@article{eurich1996noise,
  title={Noise-induced transitions in human postural sway},
  author={Eurich, Christian W and Milton, John G},
  journal={Physical Review E},
  volume={54},
  number={6},
  pages={6681},
  year={1996},
  publisher={APS}
}


%%%% F %%%%
@article{falkowski1994role,
  title={The role of phytoplankton photosynthesis in global biogeochemical cycles},
  author={Falkowski, Paul G},
  journal={Photosynthesis research},
  volume={39},
  pages={235--258},
  year={1994},
  publisher={Springer}
}

@article{falkowski2004evolution,
  title={The evolution of modern eukaryotic phytoplankton},
  author={Falkowski, Paul G and Katz, Miriam E and Knoll, Andrew H and Quigg, Antonietta and Raven, John A and Schofield, Oscar and Taylor, FJR},
  journal={science},
  volume={305},
  number={5682},
  pages={354--360},
  year={2004},
  publisher={American Association for the Advancement of Science}
}

@incollection{falkowski2007introduction,
  title={An introduction to primary producers in the sea: who they are, what they do, and when they evolved},
  author={Falkowski, Paul G and Knoll, Andrew H},
  booktitle={Evolution of primary producers in the sea},
  pages={1--6},
  year={2007},
  publisher={Elsevier}
}

@article{falkowski2007mix,
  title={Mix and match: how climate selects phytoplankton},
  author={Falkowski, Paul G and Oliver, Matthew J},
  journal={Nature reviews microbiology},
  volume={5},
  number={10},
  pages={813--819},
  year={2007},
  publisher={Nature Publishing Group UK London}
}

@article{falkowski2008microbial,
  title={The microbial engines that drive Earth's biogeochemical cycles},
  author={Falkowski, Paul G and Fenchel, Tom and Delong, Edward F},
  journal={science},
  volume={320},
  number={5879},
  pages={1034--1039},
  year={2008},
  publisher={American Association for the Advancement of Science}
}

@book{falkowski2013aquatic,
  title={Aquatic photosynthesis},
  author={Falkowski, Paul G and Raven, John A},
  year={2013},
  publisher={Princeton University Press}
}

@article{ferraro2024exact,
  title={Exact solution of Dynamical Mean-Field Theory for a linear system with annealed disorder},
  author={Ferraro, Francesco and Grilletta, Christian and Maritan, Amos and Suweis, Samir and Azaele, Sandro},
  journal={arXiv preprint arXiv:2405.05183},
  year={2024}
}

@article{field1998primary,
  title={Primary production of the biosphere: integrating terrestrial and oceanic components},
  author={Field, Christopher B and Behrenfeld, Michael J and Randerson, James T and Falkowski, Paul},
  journal={science},
  volume={281},
  number={5374},
  pages={237--240},
  year={1998},
  publisher={American Association for the Advancement of Science}
}

@article{fisher1943relation,
  title={The relation between the number of species and the number of individuals in a random sample of an animal population},
  author={Fisher, Ronald A and Corbet, A Steven and Williams, Carrington B},
  journal={The Journal of Animal Ecology},
  pages={42--58},
  year={1943},
  publisher={JSTOR}
}

@article{fisher2014identifying,
  title={Identifying keystone species in the human gut microbiome from metagenomic timeseries using sparse linear regression},
  author={Fisher, Charles K and Mehta, Pankaj},
  journal={PloS one},
  volume={9},
  number={7},
  pages={e102451},
  year={2014},
  publisher={Public Library of Science San Francisco, USA}
}

@Article{fisheretal1943JAE,
  author    = {Fisher, Ronald A and Corbet, A Steven and Williams, Carrington B},
  title     = {The relation between the number of species and the number of individuals in a random sample of an animal population},
  journal   = {The Journal of Animal Ecology},
  year      = {1943},
  pages     = {42--58},
  publisher = {JSTOR},
}

@article{follows2007emergent,
  title={Emergent biogeography of microbial communities in a model ocean},
  author={Follows, Michael J and Dutkiewicz, Stephanie and Grant, Suzanne and Chisholm, Sallie W},
  journal={Science},
  volume={315},
  number={5820},
  pages={1843--1846},
  year={2007},
  publisher={American Association for the Advancement of Science}
}

@article{font2017advection,
  title={Advection by ocean currents modifies phytoplankton size structure},
  author={Font-Mu{\~n}oz, Joan S and Jordi, Antoni and Tuval, Idan and Arrieta, Jorge and Angl{\`e}s, S{\'\i}lvia and Basterretxea, Gotzon},
  journal={Journal of the royal society interface},
  volume={14},
  number={130},
  pages={20170046},
  year={2017},
  publisher={The Royal Society}
}

@book{forde2005delay,
  title={Delay differential equation models in mathematical biology},
  author={Forde, Jonathan Erwin},
  year={2005},
  publisher={University of Michigan}
}

@article{friedlingstein2006climate,
  title={Climate--carbon cycle feedback analysis: results from the C4MIP model intercomparison},
  author={Friedlingstein, Pierre and Cox, Peter and Betts, Richard and Bopp, Laurent and von Bloh, Werner and Brovkin, Victor and Cadule, Patricia and Doney, Scott and Eby, Michael and Fung, Inez and others},
  journal={Journal of climate},
  volume={19},
  number={14},
  pages={3337--3353},
  year={2006},
  publisher={American Meteorological Society}
}

@article{friedlingstein2014uncertainties,
  title={Uncertainties in CMIP5 climate projections due to carbon cycle feedbacks},
  author={Friedlingstein, Pierre and Meinshausen, Malte and Arora, Vivek K and Jones, Chris D and Anav, Alessandro and Liddicoat, Spencer K and Knutti, Reto},
  journal={Journal of Climate},
  volume={27},
  number={2},
  pages={511--526},
  year={2014},
  publisher={American Meteorological Society}
}

@article{fyodorov2016nonlinear,
  title={Nonlinear analogue of the May- Wigner instability transition},
  author={Fyodorov, Yan V and Khoruzhenko, Boris A},
  journal={Proceedings of the National Academy of Sciences},
  volume={113},
  number={25},
  pages={6827--6832},
  year={2016},
  publisher={National Acad Sciences}
}


%%%% G %%%%
@article{galla2006random,
  title={Random replicators with asymmetric couplings},
  author={Galla, Tobias},
  journal={Journal of Physics A: Mathematical and General},
  volume={39},
  number={15},
  pages={3853},
  year={2006},
  publisher={IOP Publishing}
}

@article{galla2018dynamically,
  title={Dynamically evolved community size and stability of random Lotka-Volterra ecosystems (a)},
  author={Galla, Tobias},
  journal={Europhysics Letters},
  volume={123},
  number={4},
  pages={48004},
  year={2018},
  publisher={IOP Publishing}
}

@article{galla2024generating,
  title={Generating-functional analysis of random Lotka-Volterra systems: A step-by-step guide},
  author={Galla, Tobias},
  journal={arXiv preprint arXiv:2405.14289},
  year={2024}
}

@article{gao2016universal,
  title={Universal resilience patterns in complex networks},
  author={Gao, Jianxi and Barzel, Baruch and Barab{\'a}si, Albert-L{\'a}szl{\'o}},
  journal={Nature},
  volume={530},
  number={7590},
  pages={307--312},
  year={2016},
  publisher={Nature Publishing Group}
}

@book{gardiner1985handbook,
  title={Handbook of stochastic methods},
  author={Gardiner, Crispin W and others},
  volume={3},
  year={1985},
  publisher={springer Berlin}
}

@book{gardiner2009stochastic,
  title={Stochastic methods},
  author={Gardiner, Crispin},
  volume={4},
  year={2009},
  publisher={Springer Berlin Heidelberg}
}

@book{gaston2000pattern,
  title={Pattern and process in macroecology},
  author={Gaston, Kevin J and Blackburn, Tim M},
  year={2000},
  publisher={Wiley Online Library}
}

@book{gause1934struggle,
  title={The Struggle for Existence},
  author={Gause, G F},
  year={1934},
  publisher={Williams and Wilkins}
}

@article{gelman1992interference,
    title={Inference from Iterative Simulation Using Multiple Sequences},
    author={Andrew Gelman and Donald B. Rubin},
    journal={Statistical Science},
    year={1992},
    volume={7},
    number={4},
    pages={457--472},
    publisher={Institute of Mathematical Statistics},
    url={https://doi.org/10.1214/ss/1177011136}

}

@article{gerlach2013stochastic,
  title={Stochastic model for the vocabulary growth in natural languages},
  author={Gerlach, Martin and Altmann, Eduardo G},
  journal={Physical Review X},
  volume={3},
  number={2},
  pages={021006},
  year={2013},
  publisher={APS}
}

@article{gerlach2014scaling,
  title={Scaling laws and fluctuations in the statistics of word frequencies},
  author={Gerlach, Martin and Altmann, Eduardo G},
  journal={New Journal of Physics},
  volume={16},
  number={11},
  pages={113010},
  year={2014},
  publisher={IOP Publishing}
}

@article{gillespie1977exact,
    title={Exact stochastic simulation of coupled chemical reactions},
    author={Gillespie, D T},
    journal={The Journal of Physical Chemistry},
    volume={81},
    number={25},
    pages={2340--2361},
    year={1977},
    publisher={American Chemical Society},
    url={https://doi.org/10.1021/j100540a008}

}

@article{gloor2017microbiome,
  title={Microbiome datasets are compositional: and this is not optional},
  author={Gloor, Gregory B and Macklaim, Jean M and Pawlowsky-Glahn, Vera and Egozcue, Juan J},
  journal={Frontiers in microbiology},
  volume={8},
  pages={2224},
  year={2017},
  publisher={Frontiers Media SA}
}

@article{gomez2011explosive,
  title={Explosive synchronization transitions in scale-free networks},
  author={G{\'o}mez-Gardenes, Jes{\'u}s and G{\'o}mez, Sergio and Arenas, Alex and Moreno, Yamir},
  journal={Physical review letters},
  volume={106},
  number={12},
  pages={128701},
  year={2011},
  publisher={APS}
}

@article{gonzalez2009causes,
  title={The causes and consequences of compensatory dynamics in ecological communities},
  author={Gonzalez, Andrew and Loreau, Michel},
  journal={Annu. Rev. Ecol. Evol. Syst.},
  volume={40},
  pages={393--414},
  year={2009},
  publisher={Annual Reviews}
}

@book{gopalsamy2013stability,
  title={Stability and oscillations in delay differential equations of population dynamics},
  author={Gopalsamy, Kondalsamy},
  volume={74},
  year={2013},
  publisher={Springer Science \& Business Media}
}

@book{grady2010discrete,
  title={Discrete calculus: Applied analysis on graphs for computational science},
  author={Grady, Leo J and Polimeni, Jonathan R},
  volume={3},
  year={2010},
  publisher={Springer}
}

@article{granum2005marine,
  title={How do marine diatoms fix 10 billion tonnes of inorganic carbon per year?},
  author={Granum, Espen and Raven, John A and Leegood, Richard C},
  journal={Canadian journal of botany},
  volume={83},
  number={7},
  pages={898--908},
  year={2005},
  publisher={NRC Research Press Ottawa, Canada}
}

@article{grilli2013growth,
  title={Growth or reproduction: emergence of an evolutionary optimal strategy},
  author={Grilli, Jacopo and Suweis, Samir and Maritan, Amos},
  journal={Journal of Statistical Mechanics: Theory and Experiment},
  volume={2013},
  number={10},
  pages={P10020},
  year={2013},
  publisher={IOP Publishing}
}

@Article{grilli2020NC,
  author    = {Grilli, Jacopo},
  title     = {Macroecological laws describe variation and diversity in microbial communities},
  journal   = {Nature communications},
  year      = {2020},
  volume    = {11},
  number    = {1},
  pages     = {1--11},
  publisher = {Nature Publishing Group},
}

@article{grilli2020macroecological,
  title={Macroecological laws describe variation and diversity in microbial communities},
  author={Grilli, Jacopo},
  journal={Nature communications},
  volume={11},
  number={1},
  pages={1--11},
  year={2020},
  publisher={Nature Publishing Group}
}

@article{grinnell1917niche,
  title={The niche-relationships of the California Thrasher},
  author={Grinnell, Joseph},
  journal={The Auk},
  volume={34},
  number={4},
  pages={427--433},
  year={1917},
  publisher={JSTOR}
}

@article{guidi2015new,
  title={A new look at ocean carbon remineralization for estimating deepwater sequestration},
  author={Guidi, Lionel and Legendre, Louis and Reygondeau, Gabriel and Uitz, Julia and Stemmann, Lars and Henson, Stephanie A},
  journal={Global Biogeochemical Cycles},
  volume={29},
  number={7},
  pages={1044--1059},
  year={2015},
  publisher={Wiley Online Library}
}

@article{gupta2013transcriptional,
  title={Transcriptional delay stabilizes bistable gene networks},
  author={Gupta, Chinmaya and L{\'o}pez, Jos{\'e} Manuel and Ott, William and Josi{\'c}, Kre{\v{s}}imir and Bennett, Matthew R},
  journal={Physical review letters},
  volume={111},
  number={5},
  pages={058104},
  year={2013},
  publisher={APS}
}

@article{gupta2021effective,
  title={Effective Resource Competition Model for Species Coexistence},
  author={Gupta, Deepak and Garlaschi, Stefano and Suweis, Samir and Azaele, Sandro and Maritan, Amos},
  journal={Physical review letters},
  volume={127},
  number={20},
  pages={208101},
  year={2021},
  publisher={APS}
}


%%%% H %%%%
@article{haegeman2011mathematical,
  title={A mathematical synthesis of niche and neutral theories in community ecology},
  author={Haegeman, Bart and Loreau, Michel},
  journal={Journal of theoretical biology},
  volume={269},
  number={1},
  pages={150--165},
  year={2011},
  publisher={Elsevier}
}

@article{hanson2012beyond,
  title={Beyond biogeographic patterns: processes shaping the microbial landscape},
  author={Hanson, China A and Fuhrman, Jed A and Horner-Devine, M Claire and Martiny, Jennifer BH},
  journal={Nature Reviews Microbiology},
  volume={10},
  number={7},
  pages={497--506},
  year={2012},
  publisher={Nature Publishing Group}
}

@article{hardin1960competitive,
  title={The Competitive Exclusion Principle: An idea that took a century to be born has implications in ecology, economics, and genetics.},
  author={Hardin, Garrett},
  journal={science},
  volume={131},
  number={3409},
  pages={1292--1297},
  year={1960},
  publisher={American Association for the Advancement of Science}
}

@book{harris2000ices,
  title={ICES zooplankton methodology manual},
  author={Harris, Roger and Wiebe, Peter and Lenz, Jurgen and Skjoldal, Hein-Rune and Huntley, Mark},
  year={2000},
  publisher={Elsevier}
}

@article{harte2002toward,
  title={Toward a synthesis of the Newtonian and Darwinian worldviews},
  author={Harte, John},
  journal={Physics Today},
  volume={55},
  number={10},
  pages={29--34},
  year={2002},
  publisher={AIP Publishing}
}

@article{he2005deriving,
  title={Deriving a neutral model of species abundance from fundamental mechanisms of population dynamics},
  author={He, Fangliang},
  journal={Functional Ecology},
  volume={19},
  number={1},
  pages={187--193},
  year={2005},
  publisher={Wiley Online Library}
}

@misc{heaps1978information,
  title={Information retrieval: Computational and theoretical aspects},
  author={Heaps, HS},
  year={1978},
  publisher={Academic Press}
}

@article{henson2012global,
  title={Global patterns in efficiency of particulate organic carbon export and transfer to the deep ocean},
  author={Henson, Stephanie A and Sanders, Richard and Madsen, Esben},
  journal={Global Biogeochemical Cycles},
  volume={26},
  number={1},
  year={2012},
  publisher={Wiley Online Library}
}

@article{hillebrand2020thresholds,
  title={Thresholds for ecological responses to global change do not emerge from empirical data},
  author={Hillebrand, Helmut and Donohue, Ian and Harpole, W Stanley and Hodapp, Dorothee and Kucera, Michal and Lewandowska, Aleksandra M and Merder, Julian and Montoya, Jose M and Freund, Jan A},
  journal={Nature Ecology \& Evolution},
  volume={4},
  number={11},
  pages={1502--1509},
  year={2020},
  publisher={Nature Publishing Group UK London}
}

@article{hodapp2016environmental,
  title={Environmental and trait variability constrain community structure and the biodiversity-productivity relationship},
  author={Hodapp, Dorothee and Hillebrand, Helmut and Blasius, Bernd and Ryabov, Alexey B},
  journal={Ecology},
  volume={97},
  number={6},
  pages={1463--1474},
  year={2016},
  publisher={Wiley Online Library}
}

@book{hofbauer1998evolutionary,
  title={Evolutionary games and population dynamics},
  author={Hofbauer, Josef and Sigmund, Karl and others},
  year={1998},
  publisher={Cambridge university press}
}

@article{holland1992complex,
  title={Complex adaptive systems},
  author={Holland, John H},
  journal={Daedalus},
  volume={121},
  number={1},
  pages={17--30},
  year={1992},
  publisher={JSTOR}
}

@article{holling2001understanding,
  title={Understanding the complexity of economic, ecological, and social systems},
  author={Holling, Crawford S},
  journal={Ecosystems},
  volume={4},
  pages={390--405},
  year={2001},
  publisher={Springer}
}

@article{honjo2014understanding,
  title={Understanding the role of the biological pump in the global carbon cycle: an imperative for ocean science},
  author={Honjo, Susumu and Eglinton, Timothy I and Taylor, Craig D and Ulmer, Kevin M and Sievert, Stefan M and Bracher, Astrid and German, Christopher R and Edgcomb, Virginia and Francois, Roger and Iglesias-Rodriguez, M Debora and others},
  journal={Oceanography},
  volume={27},
  number={3},
  pages={10--16},
  year={2014},
  publisher={JSTOR}
}

@article{houlahan2007compensatory,
  title={Compensatory dynamics are rare in natural ecological communities},
  author={Houlahan, JE and Currie, DJ and Cottenie, K and Cumming, GS and Ernest, SKM and Findlay, CS and Fuhlendorf, SD and Gaedke, U and Legendre, P and Magnuson, JJ and others},
  journal={Proceedings of the National Academy of Sciences},
  volume={104},
  number={9},
  pages={3273--3277},
  year={2007},
  publisher={National Acad Sciences}
}

@Book{hubbel2001book,
  title     = {The unified neutral theory of biodiversity and biogeography.},
  publisher = {Princeton University Press},
  year      = {2001},
  author    = {Hubbel, SP},
  isbn      = {0-691-02129-5},
}

@book{hubbell2001unified,
  title={The Unified Neutral Theory of Biodiversity and Biogeography},
  author={Hubbell, Stephen P},
  volume={32},
  year={2001},
  publisher={Princeton University Press}
}

@article{hubbell2005neutral,
  title={Neutral theory in community ecology and the hypothesis of functional equivalence},
  author={Hubbell, Stephen P},
  journal={Functional ecology},
  volume={19},
  number={1},
  pages={166--172},
  year={2005},
  publisher={JSTOR}
}

@incollection{hubbell2011unified,
  title={The unified neutral theory of biodiversity and biogeography (MPB-32)},
  author={Hubbell, Stephen P},
  booktitle={The Unified Neutral Theory of Biodiversity and Biogeography (MPB-32)},
  year={2011},
  publisher={Princeton University Press}
}

@article{hugerth2017analysing,
  title={Analysing microbial community composition through amplicon sequencing: from sampling to hypothesis testing},
  author={Hugerth, Luisa W and Andersson, Anders F},
  journal={Frontiers in microbiology},
  volume={8},
  pages={1561},
  year={2017},
  publisher={Frontiers Media SA}
}

  @article{hulburt1970competition,
  title={Competition for Nutrients by Marine Phytoplankton in Oceanic, Castal, and Estuarine Regions},
  author={Hulburt, Edward M},
  journal={Ecology},
  volume={51},
  number={3},
  pages={475--484},
  year={1970},
  publisher={Wiley Online Library}
}

@article{hutchins2017microorganisms,
  title={Microorganisms and ocean global change},
  author={Hutchins, David A and Fu, Feixue},
  journal={Nature microbiology},
  volume={2},
  number={6},
  pages={1--11},
  year={2017},
  publisher={Nature Publishing Group}
}

@article{hutchinson1941ecological,
  title={Ecological aspects of succession in natural populations},
  author={Hutchinson, G Evelyn},
  journal={The American Naturalist},
  volume={75},
  number={760},
  pages={406--418},
  year={1941},
  publisher={Science Press}
}

@article{hutchinson1961paradox,
  title={The paradox of the plankton},
  author={Hutchinson, G Evelyn},
  journal={The American Naturalist},
  volume={95},
  number={882},
  pages={137-145},
  year={1961},
  publisher={University of Chicago Press}
}


%%%% I %%%%
@Article{ibarbalzetal2019cell,
  author    = {Ibarbalz, Federico M and Henry, Nicolas and Brand{\~a}o, Manoela C and Martini, S{\'e}verine and Busseni, Greta and Byrne, Hannah and Coelho, Luis Pedro and Endo, Hisashi and Gasol, Josep M and Gregory, Ann C and others},
  title     = {Global trends in marine plankton diversity across kingdoms of life},
  journal   = {Cell},
  year      = {2019},
  volume    = {179},
  number    = {5},
  pages     = {1084--1097},
  publisher = {Elsevier},
}

@article{ives2007stability,
  title={Stability and diversity of ecosystems},
  author={Ives, Anthony R and Carpenter, Stephen R},
  journal={science},
  volume={317},
  number={5834},
  pages={58--62},
  year={2007},
  publisher={American Association for the Advancement of Science}
}


%%%% J %%%%
@article{james2018zipf,
  title = {Zipf's and Taylor's laws},
  author = {James, Charlotte and Azaele, Sandro and Maritan, Amos and Simini, Filippo},
  journal = {Phys. Rev. E},
  volume = {98},
  issue = {3},
  pages = {032408},
  numpages = {5},
  year = {2018},
  month = {Sep},
  publisher = {American Physical Society},
  doi = {10.1103/PhysRevE.98.032408},
  url = {https://link.aps.org/doi/10.1103/PhysRevE.98.032408}
}

@article{jeffrey1974profiles,
  title={Profiles of photosynthetic pigments in the ocean using thin-layer chromatography},
  author={Jeffrey, SW},
  journal={Marine Biology},
  volume={26},
  pages={101--110},
  year={1974},
  publisher={Springer}
}

@article{jirsa2004will,
  title={Will a large complex system with time delays be stable?},
  author={Jirsa, Viktor K and Ding, Mingzhou},
  journal={Physical review letters},
  volume={93},
  number={7},
  pages={070602},
  year={2004},
  publisher={APS}
}

@article{josic2011stochastic,
  title={Stochastic delay accelerates signaling in gene networks},
  author={Josi{\'c}, Kre{\v{s}}imir and L{\'o}pez, Jos{\'e} Manuel and Ott, William and Shiau, LieJune and Bennett, Matthew R},
  journal={PLoS computational biology},
  volume={7},
  number={11},
  pages={e1002264},
  year={2011},
  publisher={Public Library of Science San Francisco, USA}
}

@article{jozef2021low,
  title = {Low complexity model to study scale dependence of phytoplankton dynamics in the tropical Pacific},
  author = {Sk\'akala, Jozef and Lazzari, Paolo},
  journal = {Phys. Rev. E},
  volume = {103},
  issue = {1},
  pages = {012401},
  numpages = {18},
  year = {2021},
  month = {Jan},
  publisher = {American Physical Society},
  doi = {10.1103/PhysRevE.103.012401},
  url = {https://link.aps.org/doi/10.1103/PhysRevE.103.012401}
}


%%%% K %%%%
@article{kamada2013role,
  title={Role of the gut microbiota in immunity and inflammatory disease},
  author={Kamada, Nobuhiko and Seo, Sang-Uk and Chen, Grace Y and N{\'u}{\~n}ez, Gabriel},
  journal={Nature Reviews Immunology},
  volume={13},
  number={5},
  pages={321--335},
  year={2013},
  publisher={Nature Publishing Group UK London}
}

@article{karl2014microbial,
  title={Microbial oceanography and the Hawaii Ocean Time-series programme},
  author={Karl, David M and Church, Matthew J},
  journal={Nature Reviews Microbiology},
  volume={12},
  number={10},
  pages={699--713},
  year={2014},
  publisher={Nature Publishing Group UK London}
}

@article{karlusich2020exploration,
  title={Exploration of marine phytoplankton: from their historical appreciation to the omics era},
  author={Karlusich, Juan Jose Pierella and Ibarbalz, Federico M and Bowler, Chris},
  journal={Journal of Plankton Research},
  volume={42},
  number={6},
  pages={595--612},
  year={2020},
  publisher={Oxford University Press}
}

@article{karsenti2011holistic,
  title={A holistic approach to marine eco-systems biology},
  author={Karsenti, Eric and Acinas, Silvia G and Bork, Peer and Bowler, Chris and De Vargas, Colomban and Raes, Jeroen and Sullivan, Matthew and Arendt, Detlev and Benzoni, Francesca and Claverie, Jean-Michel and others},
  journal={PLoS biology},
  volume={9},
  number={10},
  pages={e1001177},
  year={2011},
  publisher={Public Library of Science San Francisco, USA}
}

@article{keith2021toward,
  title={Toward constructive disagreement about geoengineering},
  author={Keith, David W},
  journal={Science},
  volume={374},
  number={6569},
  pages={812--815},
  year={2021},
  publisher={American Association for the Advancement of Science}
}

@article{keitt2008coherent,
  title={Coherent ecological dynamics induced by large-scale disturbance},
  author={Keitt, Timothy H},
  journal={Nature},
  volume={454},
  number={7202},
  pages={331--334},
  year={2008},
  publisher={Nature Publishing Group UK London}
}

@article{kessler2015generalized,
  title={Generalized model of island biodiversity},
  author={Kessler, David A and Shnerb, Nadav M},
  journal={Physical Review E},
  volume={91},
  number={4},
  pages={042705},
  year={2015},
  publisher={APS}
}

@Article{kiorboeetal2018JPR,
  author    = {Thomas Ki{/"o}rboe, Thomas and Visser, Andr{/'e} and Andersen, Ken H.},
  title     = {Food for Thought: A trait-based approach to ocean ecology},
  journal   = {Journal of Plankton},
  year      = {2018},
  volume    = {75},
  number    = {6},
  pages     = {1849--1863},
  abstract  = {Trait-based ecology merges evolutionary with classical population and community ecology and is a rapidly developing branch of ecology. It describes ecosystems as consisting of individuals rather than species, and characterizes individuals by few key traits that are interrelated through trade-offs. The fundamental rationale is that the spatio-temporal distribution of organisms and their functional role in ecosystems depend on their traits rather than on their taxonomical affiliation. The approach respects that interactions are between individuals, not between species or populations, and in trait-based models ecosystem structure emerges as a result of interactions between individuals and with the environments, rather than being prescribed. It offers an alternative to classical species-centric approaches and has the potential to describe complex ecosystems in simple ways and to assess the effects of environmental change on ecosystem structure and function. Here, we describe the components of the trait-based approach and apply it to describe and model marine ecosystems. Our description is illustrated with multiple examples of life in the ocean from unicellular plankton to fish.},
  doi       = {doi:10.1093/icesjms/fsy090},
  owner     = {maurizio},
  timestamp = {2019.01.16},
}

@article{knoll2003biomineralization,
  title={Biomineralization and evolutionary history},
  author={Knoll, Andrew H},
  journal={Reviews in mineralogy and geochemistry},
  volume={54},
  number={1},
  pages={329--356},
  year={2003},
  publisher={Mineralogical Society of America}
}

@article{krauskopf1998semiconductor,
  title={Semiconductor laser with phase-conjugate feedback: Dynamics and bifurcations},
  author={Krauskopf, Bernd and Gray, George R and Lenstra, Daan},
  journal={Physical Review E},
  volume={58},
  number={6},
  pages={7190},
  year={1998},
  publisher={APS}
}

@article{krumbeck2021fluctuation,
  title={Fluctuation spectra of large random dynamical systems reveal hidden structure in ecological networks},
  author={Krumbeck, Yvonne and Yang, Qian and Constable, George WA and Rogers, Tim},
  journal={Nature Communications},
  volume={12},
  number={1},
  pages={1--14},
  year={2021},
  publisher={Nature Publishing Group}
}

@book{kuang2012delay,
  title={Delay differential equations},
  author={Kuang, Yang},
  year={2012},
  publisher={University of California Press}
}

@article{kwon2009impact,
  title={The impact of remineralization depth on the air--sea carbon balance},
  author={Kwon, Eun Young and Primeau, Fran{\c{c}}ois and Sarmiento, Jorge L},
  journal={Nature Geoscience},
  volume={2},
  number={9},
  pages={630--635},
  year={2009},
  publisher={Nature Publishing Group}
}

@article{kwon2021fucoxanthin,
  title={Fucoxanthin biosynthesis has a positive correlation with the specific growth rate in the culture of microalga Phaeodactylum tricornutum},
  author={Kwon, Do Yeon and Vuong, Trang Thi and Choi, Jaeyoung and Lee, Taek Sung and Um, Jae-In and Koo, Song Yi and Hwang, Keum Taek and Kim, Sang Min},
  journal={Journal of Applied Phycology},
  volume={33},
  number={3},
  pages={1473--1485},
  year={2021},
  publisher={Springer}
}


%%%% L %%%%
@incollection{lawton1994redundancy,
  title={Redundancy in ecosystems},
  author={Lawton, John H and Brown, Valerie K},
  booktitle={Biodiversity and ecosystem function},
  pages={255--270},
  year={1994},
  publisher={Springer}
}

@article{lawton1995webbing,
  title={Webbing and WIWACS},
  author={Lawton, John H},
  journal={Oikos},
  volume={72},
  number={3},
  pages={305},
  year={1995}
}

@article{lawton1999there,
  title={Are there general laws in ecology?},
  author={Lawton, John H},
  journal={Oikos},
  pages={177--192},
  year={1999},
  publisher={JSTOR}
}

@article{lazzardi2023emergent,
  title={Emergent statistical laws in single-cell transcriptomic data},
  author={Lazzardi, Silvia and Valle, Filippo and Mazzolini, Andrea and Scialdone, Antonio and Caselle, Michele and Osella, Matteo},
  journal={Physical Review E},
  volume={107},
  number={4},
  pages={044403},
  year={2023},
  publisher={APS}
}

@article{leibovich2022phenomenology,
  title={Phenomenology and dynamics of competitive ecosystems beyond the niche-neutral regimes},
  author={Leibovich, Nava and Rothschild, Jeremy and Goyal, Sidhartha and Zilman, Anton},
  journal={Proceedings of the National Academy of Sciences},
  volume={119},
  number={43},
  pages={e2204394119},
  year={2022},
  publisher={National Acad Sciences}
}

@article{leigh2007neutral,
  title={Neutral theory: a historical perspective},
  author={Leigh Jr, Egbert G},
  journal={Journal of evolutionary biology},
  volume={20},
  number={6},
  pages={2075--2091},
  year={2007},
  publisher={Blackwell Publishing Ltd Oxford, UK}
}

@article{lenton2013environmental,
  title={Environmental tipping points},
  author={Lenton, Timothy M},
  journal={Annual review of Environment and Resources},
  volume={38},
  number={1},
  pages={1--29},
  year={2013},
  publisher={Annual Reviews}
}

@article{levin1998ecosystems,
  title={Ecosystems and the biosphere as complex adaptive systems},
  author={Levin, Simon A},
  journal={Ecosystems},
  volume={1},
  pages={431--436},
  year={1998},
  publisher={Springer}
}

@article{levine2017beyond,
  title={Beyond pairwise coexistence: biodiversity maintenance in complex ecological communities},
  author={Levine, J and Bascompte, J and Adler, P and Allesina, S},
  journal={Nature},
  volume={546},
  pages={56--64},
  year={2017}
}

@book{liggett1985interacting,
  title={Interacting particle systems},
  author={Liggett, Thomas Milton and Liggett, Thomas M},
  volume={2},
  year={1985},
  publisher={Springer}
}

@Article{lima-mendezetal2015science,
  author    = {Lima-Mendez, Gipsi and Faust, Karoline and Henry, Nicolas and Decelle, Johan and Colin, S{\'e}bastien and Carcillo, Fabrizio and Chaffron, Samuel and Ignacio-Espinosa, J Cesar and Roux, Simon and Vincent, Flora and others},
  title     = {Determinants of community structure in the global plankton interactome},
  journal   = {Science},
  year      = {2015},
  volume    = {348},
  number    = {6237},
  publisher = {American Association for the Advancement of Science},
}

@article{limaetal2015science,
  title={Determinants of community structure in the global plankton interactome},
  author={Lima-Mendez, Gipsi and Faust, Karoline and Henry, Nicolas and Decelle, Johan and Colin, S{\'e}bastien and Carcillo, Fabrizio and Chaffron, Samuel and Ignacio-Espinosa, J Cesar and Roux, Simon and Vincent, Flora and others},
  journal={Science},
  volume={348},
  number={6237},
  pages={1262073},
  year={2015},
  publisher={American Association for the Advancement of Science}
}

@article{litchman2009contrasting,
  title={Contrasting size evolution in marine and freshwater diatoms},
  author={Litchman, E and Klausmeier, CA and Yoshiyama, K},
  journal={Proceedings of the National Academy of Sciences},
  volume={106},
  number={8},
  pages={2665--2670},
  year={2009},
  publisher={National Acad Sciences}
}

@article{liu2019marine,
  title={Marine phytoplankton in subtropical coastal waters showing lower thermal sensitivity than microzooplankton},
  author={Liu, Kailin and Chen, Bingzhang and Zhang, Shuwen and Sato, Mitsuhide and Shi, Zhiyuan and Liu, Hongbin},
  journal={Limnology and Oceanography},
  volume={64},
  number={3},
  pages={1103--1119},
  year={2019},
  publisher={Wiley Online Library}
}

@article{lloyd1999synchronicity,
  title={Synchronicity, chaos and population cycles: spatial coherence in an uncertain world},
  author={Lloyd, Alun L and May, Robert M},
  journal={Trends in Ecology \& Evolution},
  volume={14},
  number={11},
  pages={417--418},
  year={1999},
  publisher={Elsevier}
}

@article{loceyandlennon2016PNAS,
  title={Scaling laws predict global microbial diversity},
  author={Locey, Kenneth J and Lennon, Jay T},
  journal={Proceedings of the National Academy of Sciences},
  volume={113},
  number={21},
  pages={5970--5975},
  year={2016},
  publisher={National Acad Sciences}
}

@article{loceyandwhite2013EL,
  title={How species richness and total abundance constrain the distribution of abundance},
  author={Locey, Kenneth J and White, Ethan P},
  journal={Ecology letters},
  volume={16},
  number={9},
  pages={1177--1185},
  year={2013},
  publisher={Wiley Online Library}
}

@article{logares2014patterns,
  title={Patterns of rare and abundant marine microbial eukaryotes},
  author={Logares, Ramiro and Audic, St{\'e}phane and Bass, David and Bittner, Lucie and Boutte, Christophe and Christen, Richard and Claverie, Jean-Michel and Decelle, Johan and Dolan, John R and Dunthorn, Micah and others},
  journal={Current Biology},
  volume={24},
  number={8},
  pages={813--821},
  year={2014},
  publisher={Elsevier}
}

@article{longhurst1995estimate,
  title={An estimate of global primary production in the ocean from satellite radiometer data},
  author={Longhurst, Alan and Sathyendranath, Shubha and Platt, Trevor and Caverhill, Carla},
  journal={Journal of plankton Research},
  volume={17},
  number={6},
  pages={1245--1271},
  year={1995},
  publisher={Oxford University Press}
}

@book{longhurst2010ecological,
  title={Ecological geography of the sea},
  author={Longhurst, Alan R},
  year={2010},
  publisher={Elsevier}
}

@article{loreau2004does,
  title={Does functional redundancy exist?},
  author={Loreau, Michel},
  journal={Oikos},
  volume={104},
  number={3},
  pages={606--611},
  year={2004},
  publisher={Wiley Online Library}
}

@article{loreau2008species,
  title={Species synchrony and its drivers: neutral and nonneutral community dynamics in fluctuating environments},
  author={Loreau, Michel and de Mazancourt, Claire},
  journal={The American Naturalist},
  volume={172},
  number={2},
  pages={E48--E66},
  year={2008},
  publisher={The University of Chicago Press}
}

@article{lotka1925elements,
  title={Elements of physical biology},
  author={Lotka, AJ},
  journal={Williams and Wilkins},
  year={1925}
}

@article{louca2016high,
  title={High taxonomic variability despite stable functional structure across microbial communities},
  author={Louca, Stilianos and Jacques, Saulo MS and Pires, Aliny PF and Leal, Juliana S and Srivastava, Diane S and Parfrey, Laura Wegener and Farjalla, Vinicius F and Doebeli, Michael},
  journal={Nature ecology \& evolution},
  volume={1},
  number={1},
  pages={0015},
  year={2016},
  publisher={Nature Publishing Group UK London}
}

@article{louca2018function,
  title={Function and functional redundancy in microbial systems},
  author={Louca, Stilianos and Polz, Martin F and Mazel, Florent and Albright, Michaeline BN and Huber, Julie A and O’Connor, Mary I and Ackermann, Martin and Hahn, Aria S and Srivastava, Diane S and Crowe, Sean A and others},
  journal={Nature ecology \& evolution},
  volume={2},
  number={6},
  pages={936--943},
  year={2018},
  publisher={Nature Publishing Group UK London}
}

@article{lynch2015ecology,
  title={Ecology and exploration of the rare biosphere},
  author={Lynch, Michael DJ and Neufeld, Josh D},
  journal={Nature Reviews Microbiology},
  volume={13},
  number={4},
  pages={217--229},
  year={2015},
  publisher={Nature Publishing Group}
}

@article{lyons2014rise,
  title={The rise of oxygen in Earth’s early ocean and atmosphere},
  author={Lyons, Timothy W and Reinhard, Christopher T and Planavsky, Noah J},
  journal={Nature},
  volume={506},
  number={7488},
  pages={307--315},
  year={2014},
  publisher={Nature Publishing Group UK London}
}


%%%% M %%%%
@article{macarthur1955fluctuations,
  title={Fluctuations of animal populations and a measure of community stability},
  author={MacArthur, Robert},
  journal={Ecology},
  volume={36},
  number={3},
  pages={533--536},
  year={1955},
  publisher={Wiley Online Library}
}

@article{macarthur1967limiting,
  title={The limiting similarity, convergence, and divergence of coexisting species},
  author={MacArthur, Robert and Levins, Richard},
  journal={The american naturalist},
  volume={101},
  number={921},
  pages={377--385},
  year={1967},
  publisher={Science Press}
}

@article{macarthur1970species,
  title={Species packing and competitive equilibrium for many species},
  author={MacArthur, Robert},
  journal={Theoretical Population Biology},
  volume={1},
  number={1},
  pages={1--11},
  year={1970},
  publisher={Elsevier}
}

@article{mackey1996chemtax,
  title={CHEMTAX-a program for estimating class abundances from chemical markers: application to HPLC measurements of phytoplankton},
  author={Mackey, MD and Mackey, DJ and Higgins, HW and Wright, SW},
  journal={Marine Ecology Progress Series},
  volume={144},
  pages={265--283},
  year={1996}
}

@article{magurann2003explaining,
author={Magurann, Anne E. and Henderson, Peter A.},
year= {2003},
title={Explaining the excess of rare species in natural species abundance distributions},
journal= {Nature},
doi= {10.1038/nature01547}
}

@article{magurran2005species,
  title={Species abundance distributions: pattern or process?},
  author={Magurran, Ann E},
  journal={Functional Ecology},
  volume={19},
  number={1},
  pages={177--181},
  year={2005},
  publisher={JSTOR}
}

@article{mahe2014swarm,
  title={Swarm: robust and fast clustering method for amplicon-based studies},
  author={Mah{\'e}, Fr{\'e}d{\'e}ric and Rognes, Torbj{\o}rn and Quince, Christopher and de Vargas, Colomban and Dunthorn, Micah},
  journal={PeerJ},
  volume={2},
  pages={e593},
  year={2014},
  publisher={PeerJ Inc.}
}

@article{mallmin2024chaothic,
    author = {Emil, Mallmin  and Arne, Traulsen  and Silvia, De Monte },
    title = {Chaotic turnover of rare and abundant species in a strongly interacting model community},
    journal = {Proceedings of the National Academy of Sciences},
    volume = {121},
    number = {11},
    pages = {e2312822121},
    year = {2024},
    doi = {10.1073/pnas.2312822121},
    URL = {https://www.pnas.org/doi/abs/10.1073/pnas.2312822121},
    eprint = {https://www.pnas.org/doi/pdf/10.1073/pnas.2312822121}
}

@article{mallmin2024chaotic,
  title={Chaotic turnover of rare and abundant species in a strongly interacting model community},
  author={Mallmin, Emil and Traulsen, Arne and De Monte, Silvia},
  journal={Proceedings of the National Academy of Sciences},
  volume={121},
  number={11},
  pages={e2312822121},
  year={2024},
  publisher={National Acad Sciences}
}

@article{malviya2016insights,
  title={Insights into global diatom distribution and diversity in the world’s ocean},
  author={Malviya, Shruti and Scalco, Eleonora and Audic, St{\'e}phane and Vincent, Flora and Veluchamy, Alaguraj and Poulain, Julie and Wincker, Patrick and Iudicone, Daniele and de Vargas, Colomban and Bittner, Lucie and others},
  journal={Proceedings of the National Academy of Sciences},
  volume={113},
  number={11},
  pages={E1516--E1525},
  year={2016},
  publisher={National Acad Sciences}
}

@article{mantel1967detection,
  title={The detection of disease clustering and a generalized regression approach},
  author={Mantel, Nathan},
  journal={Cancer research},
  volume={27},
  number={2\_Part\_1},
  pages={209--220},
  year={1967},
  publisher={AACR}
}

@article{marquet2017proportional,
  title={On the proportional abundance of species: Integrating population genetics and community ecology},
  author={Marquet, Pablo A and Espinoza, Guillermo and Abades, Sebastian R and Ganz, Angela and Rebolledo, Rolando},
  journal={Scientific reports},
  volume={7},
  number={1},
  pages={16815},
  year={2017},
  publisher={Nature Publishing Group UK London}
}

@book{marquet2020species,
  title={What is the species richness distribution},
  author={Marquet, Pablo A and Tejo, Mauricio and Rebolledo, Rolando},
  year={2020},
  publisher={Princeton University Press}
}

@article{martin2003phytoplankton,
  title={Phytoplankton patchiness: the role of lateral stirring and mixing},
  author={Martin, AP},
  journal={Progress in oceanography},
  volume={57},
  number={2},
  pages={125--174},
  year={2003},
  publisher={Elsevier}
}

@Article{martinplateroetal2018NC,
  author    = {Martin-Platero, Antonio M and Cleary, Brian and Kauffman, Kathryn and Preheim, Sarah P and McGillicuddy, Dennis J and Alm, Eric J and Polz, Martin F},
  title     = {High resolution time series reveals cohesive but short-lived communities in coastal plankton},
  journal   = {Nature communications},
  year      = {2018},
  volume    = {9},
  number    = {1},
  pages     = {266},
  abstract  = {Because microbial plankton in the ocean comprise diverse bacteria, algae, and protists that are subject to environmental forcing on multiple spatial and temporal scales, a fundamental open question is to what extent these organisms form ecologically cohesive communities. Here we show that although all taxa undergo large, near daily fluctuations in abundance, microbial plankton are organized into clearly defined communities whose turnover is rapid and sharp. We analyze a time series of 93 consecutive days of coastal plankton using a technique that allows inference of communities as modular units of interacting taxa by determining positive and negative correlations at different temporal frequencies. This approach shows both coordinated population expansions that demarcate community boundaries and high frequency of positive and negative associations among populations within communities. Our analysis thus highlights that the environmental variability of the coastal ocean is mirrored in sharp transitions of defined but ephemeral communities of organisms.},
  doi       = {10.1038/s41467-017-02571-4},
  publisher = {Nature Publishing Group},
}

@article{martiny2006microbial,
  title={Microbial biogeography: putting microorganisms on the map},
  author={Martiny, Jennifer B Hughes and Bohannan, Brendan JM and Brown, James H and Colwell, Robert K and Fuhrman, Jed A and Green, Jessica L and Horner-Devine, M Claire and Kane, Matthew and Krumins, Jennifer Adams and Kuske, Cheryl R and others},
  journal={Nature Reviews Microbiology},
  volume={4},
  number={2},
  pages={102--112},
  year={2006},
  publisher={Nature Publishing Group}
}

@article{massana2004picoeukaryotic,
  title={Picoeukaryotic diversity in an oligotrophic coastal site studied by molecular and culturing approaches},
  author={Massana, Ramon and Balagu{\'e}, Vanessa and Guillou, Laure and Pedr{\'o}s-Ali{\'o}, Carlos},
  journal={FEMS microbiology ecology},
  volume={50},
  number={3},
  pages={231--243},
  year={2004},
  publisher={Blackwell Publishing Ltd Oxford, UK}
}

@article{may1972will,
  title={Will a large complex system be stable?},
  author={May, Robert M},
  journal={Nature},
  volume={238},
  number={5364},
  pages={413--414},
  year={1972},
  publisher={Nature Publishing Group}
}

@InCollection{may1975inbook,
  author    = {May, Robert M},
  title     = {Patterns of species abundance and diversity},
  booktitle = {Ecology and Evolution of Communities},
  publisher = {Harvard University Press},
  year      = {1975},
  editor    = {Cody, Martin l. and Diamond, Jared M.},
  pages     = {81--120},
  journal   = {Ecology and evolution of communities},
}

@article{may2008ecology,
  title={Ecology for bankers},
  author={May, Robert M and Levin, Simon A and Sugihara, George},
  journal={Nature},
  volume={451},
  number={7181},
  pages={893--894},
  year={2008},
  publisher={Nature Publishing Group}
}

@article{may1976simple,
  title={Simple mathematical models with very complicated dynamics},
  author={May, Robert M},
  journal={Nature},
  volume={261},
  number={5560},
  pages={459--467},
  year={1976},
  publisher={Nature Publishing Group UK London}
}

@article{may2015moving,
  title={Moving beyond abundance distributions: neutral theory and spatial patterns in a tropical forest},
  author={May, Felix and Huth, Andreas and Wiegand, Thorsten},
  journal={Proceedings of the Royal Society B: Biological Sciences},
  volume={282},
  number={1802},
  pages={20141657},
  year={2015},
  publisher={The Royal Society}
}

@article{mazzolini2018heaps,
  title={Heaps' law, statistics of shared components, and temporal patterns from a sample-space-reducing process},
  author={Mazzolini, Andrea and Colliva, Alberto and Caselle, Michele and Osella, Matteo},
  journal={Physical Review E},
  volume={98},
  number={5},
  pages={052139},
  year={2018},
  publisher={APS}
}

@article{mazzolini2018zipf,
  title={Zipf and Heaps laws from dependency structures in component systems},
  author={Mazzolini, Andrea and Grilli, Jacopo and De Lazzari, Eleonora and Osella, Matteo and Lagomarsino, Marco Cosentino and Gherardi, Marco},
  journal={Physical review E},
  volume={98},
  number={1},
  pages={012315},
  year={2018},
  publisher={APS}
}

@article{mccann2000diversity,
  title={The diversity--stability debate},
  author={McCann, Kevin Shear},
  journal={Nature},
  volume={405},
  number={6783},
  pages={228--233},
  year={2000},
  publisher={Nature Publishing Group UK London}
}

@article{mcclain2009decade,
  title={A decade of satellite ocean color observations},
  author={McClain, Charles R},
  journal={Annual Review of Marine Science},
  volume={1},
  number={1},
  pages={19--42},
  year={2009},
  publisher={Annual Reviews}
}

@article{mcgill2003strong,
  title={Strong and weak tests of macroecological theory},
  author={McGill, Brian},
  journal={Oikos},
  volume={102},
  number={3},
  pages={679--685},
  year={2003},
  publisher={JSTOR}
}

@article{mcgill2007species,
  title={Species abundance distributions: moving beyond single prediction theories to integration within an ecological framework},
  author={McGill, Brian J and Etienne, Rampal S and Gray, John S and Alonso, David and Anderson, Marti J and Benecha, Habtamu Kassa and Dornelas, Maria and Enquist, Brian J and Green, Jessica L and He, Fangliang and others},
  journal={Ecology letters},
  volume={10},
  number={10},
  pages={995--1015},
  year={2007},
  publisher={Wiley Online Library}
}

@article{mcgill2015fifteen,
  title={Fifteen forms of biodiversity trend in the Anthropocene},
  author={McGill, Brian J and Dornelas, Maria and Gotelli, Nicholas J and Magurran, Anne E},
  journal={Trends in ecology \& evolution},
  volume={30},
  number={2},
  pages={104--113},
  year={2015},
  publisher={Elsevier}
}

@article{mcgill2019and,
  title={The what, how and why of doing macroecology},
  author={McGill, Brian J},
  journal={Global Ecology and Biogeography},
  volume={28},
  number={1},
  pages={6--17},
  year={2019},
  publisher={Wiley Online Library}
}

@article{mcquoid1996diatom,
  title={Diatom resting stages.},
  author={McQuoid, Melissa R and Hobson, Louis A},
  journal={Journal of phycology},
  volume={32},
  number={6},
  year={1996}
}

@book{mezard1987spin,
  title={Spin glass theory and beyond: An Introduction to the Replica Method and Its Applications},
  author={M{\'e}zard, Marc and Parisi, Giorgio and Virasoro, Miguel Angel},
  volume={9},
  year={1987},
  publisher={World Scientific Publishing Company}
}

@book{mills2012biological,
  title={Biological oceanography: An early history, 1870-1960},
  author={Mills, Eric L},
  year={2012},
  publisher={University of Toronto Press}
}

@article{mock2017evolutionary,
  title={Evolutionary genomics of the cold-adapted diatom Fragilariopsis cylindrus},
  author={Mock, Thomas and Otillar, Robert P and Strauss, Jan and McMullan, Mark and Paajanen, Pirita and Schmutz, Jeremy and Salamov, Asaf and Sanges, Remo and Toseland, Andrew and Ward, Ben J and others},
  journal={Nature},
  volume={541},
  number={7638},
  pages={536--540},
  year={2017},
  publisher={Nature Publishing Group}
}

@article{moran1953statistical,
  title={The statistical analysis of the Canadian lynx cycle.},
  author={Moran, Patrick AP},
  journal={Australian Journal of Zoology},
  volume={1},
  number={3},
  pages={291--298},
  year={1953},
  publisher={CSIRO Publishing}
}

@article{morel1989surface,
  title={Surface pigments, algal biomass profiles, and potential production of the euphotic layer: Relationships reinvestigated in view of remote-sensing applications},
  author={Morel, Andr{\'e} and Berthon, Jean-Fran{\c{c}}ois},
  journal={Limnology and oceanography},
  volume={34},
  number={8},
  pages={1545--1562},
  year={1989},
  publisher={Wiley Online Library}
}

@Article{motomura1932JJZ,
  author  = {Motomura, I},
  title   = {A statistical treatment of associations},
  journal = {Japanese Journal of Zoology},
  year    = {1932},
  volume  = {44},
  pages   = {379--383},
}

@article{motter2013spontaneous,
  title={Spontaneous synchrony in power-grid networks},
  author={Motter, Adilson E and Myers, Seth A and Anghel, Marian and Nishikawa, Takashi},
  journal={Nature Physics},
  volume={9},
  number={3},
  pages={191--197},
  year={2013},
  publisher={Nature Publishing Group UK London}
}

@book{murray2002mathematicalbiology,
  title={MathematicalBiology I. An Introduction},
  author={Murray, James Dickson},
  year={2002},
  publisher={Springer}
}


%%%% N %%%%
@article{naeem1998species,
  title={Species redundancy and ecosystem reliability},
  author={Naeem, Shahid},
  journal={Conservation biology},
  volume={12},
  number={1},
  pages={39--45},
  year={1998},
  publisher={Wiley Online Library}
}

@article{nee2005neutral,
  title={The neutral theory of biodiversity: do the numbers add up?},
  author={Nee, Sean},
  journal={Functional Ecology},
  volume={19},
  number={1},
  pages={173--176},
  year={2005},
  publisher={JSTOR}
}

@article{nelson1995production,
  title={Production and dissolution of biogenic silica in the ocean: revised global estimates, comparison with regional data and relationship to biogenic sedimentation},
  author={Nelson, David M and Tr{\'e}guer, Paul and Brzezinski, Mark A and Leynaert, Aude and Qu{\'e}guiner, Bernard},
  journal={Global biogeochemical cycles},
  volume={9},
  number={3},
  pages={359--372},
  year={1995},
  publisher={Wiley Online Library}
}

@article{newman2011complex,
  title={Complex systems: A survey},
  author={Newman, Mark EJ},
  journal={arXiv preprint arXiv:1112.1440},
  year={2011}
}

@article{niebur1991collective,
  title={Collective frequencies and metastability in networks of limit-cycle oscillators with time delay},
  author={Niebur, Ernst and Schuster, Heinz G and Kammen, Daniel M},
  journal={Physical review letters},
  volume={67},
  number={20},
  pages={2753},
  year={1991},
  publisher={APS}
}


%%%% O %%%%
@article{o2007nineteenth,
  title={The nineteenth century roots of'everything is everywhere'},
  author={O'Malley, Maureen A},
  journal={Nature Reviews Microbiology},
  volume={5},
  number={8},
  pages={647--651},
  year={2007},
  publisher={Nature Publishing Group UK London}
}

@article{ohira1999resonance,
  title={Resonance with noise and delay},
  author={Ohira, Toru and Sato, Yuzuru},
  journal={Physical Review Letters},
  volume={82},
  number={14},
  pages={2811},
  year={1999},
  publisher={APS}
}

@article{opper1992phase,
  title={Phase transition and 1/f noise in a game dynamical model},
  author={Opper, Manfred and Diederich, Sigurd},
  journal={Physical review letters},
  volume={69},
  number={10},
  pages={1616},
  year={1992},
  publisher={APS}
}


%%%% P %%%%
@article{parisi2023nobel,
  title={Nobel lecture: Multiple equilibria},
  author={Parisi, Giorgio},
  journal={Reviews of Modern Physics},
  volume={95},
  number={3},
  pages={030501},
  year={2023},
  publisher={APS}
}

@article{pascoal2021microbial,
  title={The microbial rare biosphere: current concepts, methods and ecological principles},
  author={Pascoal, Francisco and Costa, Rodrigo and Magalh{\~a}es, Catarina},
  journal={FEMS Microbiology Ecology},
  volume={97},
  number={1},
  pages={fiaa227},
  year={2021},
  publisher={Oxford University Press}
}

@article{paulsson2005models,
  title={Models of stochastic gene expression},
  author={Paulsson, Johan},
  journal={Physics of life reviews},
  volume={2},
  number={2},
  pages={157--175},
  year={2005},
  publisher={Elsevier}
}

@article{pearce2020stabilization,
  title={Stabilization of extensive fine-scale diversity by ecologically driven spatiotemporal chaos},
  author={Pearce, Michael T and Agarwala, Atish and Fisher, Daniel S},
  journal={Proceedings of the National Academy of Sciences},
  volume={117},
  number={25},
  pages={14572--14583},
  year={2020},
  publisher={National Acad Sciences}
}

@article{pedros2012rare,
  title={The rare bacterial biosphere},
  author={Pedr{\'o}s-Ali{\'o}, Carlos},
  journal={Annual review of marine science},
  volume={4},
  pages={449--466},
  year={2012},
  publisher={Annual Reviews}
}

@article{pedrosaliosandmanrubia2016PNAS,
  title={The vast unknown microbial biosphere},
  author={Pedr{\'o}s-Ali{\'o}, Carlos and Manrubia, Susanna},
  journal={Proceedings of the National Academy of Sciences},
  volume={113},
  number={24},
  pages={6585--6587},
  year={2016},
  publisher={National Acad Sciences}
}

@article{peruzzo2020spatial,
  title={Spatial patterns emerging from a stochastic process near criticality},
  author={Peruzzo, Fabio and Mobilia, Mauro and Azaele, Sandro},
  journal={Physical Review X},
  volume={10},
  number={1},
  pages={011032},
  year={2020},
  publisher={APS}
}

@article{pesant2015open,
  title={Open science resources for the discovery and analysis of Tara Oceans data},
  author={Pesant, St{\'e}phane and Not, Fabrice and Picheral, Marc and Kandels-Lewis, Stefanie and Le Bescot, Noan and Gorsky, Gabriel and Iudicone, Daniele and Karsenti, Eric and Speich, Sabrina and Troubl{\'e}, Romain and others},
  journal={Scientific data},
  volume={2},
  number={1},
  pages={1--16},
  year={2015},
  publisher={Nature Publishing Group}
}

@Article{pesantetal2015SD,
  author    = {Pesant, St{\'e}phane and Not, Fabrice and Picheral, Marc and Kandels-Lewis, Stefanie and Le Bescot, Noan and Gorsky, Gabriel and Iudicone, Daniele and Karsenti, Eric and Speich, Sabrina and Troubl{\'e}, Romain and others},
  title     = {Open science resources for the discovery and analysis of Tara Oceans data},
  journal   = {Scientific data},
  year      = {2015},
  volume    = {2},
  number    = {1},
  pages     = {1--16},
  publisher = {Nature Publishing Group},
}

@article{pierella2020phytoplankton,
  title={Phytoplankton in the Tara ocean},
  author={Pierella Karlusich, Juan Jos{\'e} and Ibarbalz, Federico M and Bowler, Chris},
  journal={Annual Review of Marine Science},
  volume={12},
  pages={233--265},
  year={2020},
  publisher={Annual Reviews}
}

@article{pigani2022delay,
  title={Delay effects on the stability of large ecosystems},
  author={Pigani, Emanuele and Sgarbossa, Damiano and Suweis, Samir and Maritan, Amos and Azaele, Sandro},
  journal={Proceedings of the National Academy of Sciences},
  volume={119},
  number={45},
  pages={e2211449119},
  year={2022},
  publisher={National Acad Sciences}
}

@article{pigani2024deviation,
  title={Deviation from neutral species abundance distributions unveils geographical differences in the structure of diatom communities},
  author={Pigani, Emanuele and Mele, Bruno Hay and Campese, Lucia and Ser-Giacomi, Enrico and Ribera, Maurizio and Iudicone, Daniele and Suweis, Samir},
  journal={Science Advances},
  volume={10},
  number={10},
  pages={eadh0477},
  year={2024},
  publisher={American Association for the Advancement of Science}
}

@article{pigolotti2005species,
  title={Species lifetime distribution for simple models of ecologies},
  author={Pigolotti, Simone and Flammini, Alessandro and Marsili, Matteo and Maritan, Amos},
  journal={Proceedings of the National Academy of Sciences},
  volume={102},
  number={44},
  pages={15747--15751},
  year={2005},
  publisher={National Acad Sciences}
}

@article{pimm1988risk,
  title={On the risk of extinction},
  author={Pimm, Stuart L and Jones, H Lee and Diamond, Jared},
  journal={The American Naturalist},
  volume={132},
  number={6},
  pages={757--785},
  year={1988},
  publisher={University of Chicago Press}
}

@article{pinedakrch2008gillespie,
    title={{GillespieSSA: Implementing the Gillespie Stochastic Simulation Algorithm in R}},
    author={Pineda-Krch, M},
    journal={Journal of Statistical Software},
    volume={25},
    number={12},
    pages={1--18},
    year={2008},
    publisher={American Statistical Association Publications},
    url={https://doi.org/10.18637/jss.v025.i12}

}

@article{pisarchik2023coherence,
  title={Coherence resonance in neural networks: Theory and experiments},
  author={Pisarchik, Alexander N and Hramov, Alexander E},
  journal={Physics Reports},
  volume={1000},
  pages={1--57},
  year={2023},
  publisher={Elsevier}
}

@book{pittman2017seascape,
  title={Seascape ecology},
  author={Pittman, Simon J},
  year={2017},
  publisher={John Wiley \& Sons}
}

@article{platt1988oceanic,
  title={Oceanic primary production: estimation by remote sensing at local and regional scales},
  author={Platt, Trevor and Sathyendranath, Shubha},
  journal={Science},
  volume={241},
  number={4873},
  pages={1613--1620},
  year={1988},
  publisher={American Association for the Advancement of Science}
}

@article{plummer2006coda,
    title = {{CODA: Convergence Diagnosis and Output Analysis for MCMC}},
    author = {Martyn Plummer and Nicky Best and Kate Cowles and Karen
      Vines},
    journal = {R News},
    year = {2006},
    volume = {6},
    number = {1},
    pages = {7--11},
    url = {https://journal.r-project.org/archive/}
  }

@article{poley2023generalized,
  title={Generalized Lotka-Volterra model with hierarchical interactions},
  author={Poley, Lyle and Baron, Joseph W and Galla, Tobias},
  journal={Physical Review E},
  volume={107},
  number={2},
  pages={024313},
  year={2023},
  publisher={APS}
}

@article{pollock2018madness,
  title={The madness of microbiome: attempting to find consensus “best practice” for 16S microbiome studies},
  author={Pollock, Jolinda and Glendinning, Laura and Wisedchanwet, Trong and Watson, Mick},
  journal={Applied and environmental microbiology},
  volume={84},
  number={7},
  pages={e02627--17},
  year={2018},
  publisher={Am Soc Microbiol}
}

@article{preston1948,
  title={The commonness, and rarity, of species},
  author={Preston, Frank W},
  journal={Ecology},
  volume={29},
  number={3},
  pages={254--283},
  year={1948},
  publisher={JSTOR}
}

@article{preston1948commonness,
  title={The commonness, and rarity, of species},
  author={Preston, Frank W},
  journal={Ecology},
  volume={29},
  number={3},
  pages={254--283},
  year={1948},
  publisher={JSTOR}
}

@article{preston1962canonical,
  title={The canonical distribution of commonness and rarity: Part I},
  author={Preston, Frank W},
  journal={Ecology},
  volume={43},
  number={2},
  pages={185--215},
  year={1962},
  publisher={JSTOR}
}

@article{provasoli1980bacteria,
  title={Bacteria induced polymorphism in an axenic laboratory strain of Ulva lactuca (Chlorophyceae) 1},
  author={Provasoli, Luigi and Pintner, Irma J},
  journal={Journal of phycology},
  volume={16},
  number={2},
  pages={196--201},
  year={1980},
  publisher={Wiley Online Library}
}

@article{pueyoetal2007EL,
  title={The maximum entropy formalism and the idiosyncratic theory of biodiversity},
  author={Pueyo, Salvador and He, Fangliang and Zillio, Tommaso},
  journal={Ecology letters},
  volume={10},
  number={11},
  pages={1017--1028},
  year={2007},
  publisher={Wiley Online Library}
}


%%%% R %%%%
@article{raes2018oceanographic,
  title={Oceanographic boundaries constrain microbial diversity gradients in the South Pacific Ocean},
  author={Raes, Eric J and Bodrossy, Levente and Van De Kamp, Jodie and Bissett, Andrew and Ostrowski, Martin and Brown, Mark V and Sow, Swan LS and Sloyan, Bernadette and Waite, Anya M},
  journal={Proceedings of the National Academy of Sciences},
  volume={115},
  number={35},
  pages={E8266--E8275},
  year={2018},
  publisher={National Acad Sciences}
}

@Article{ragueneauetal2006GBC,
  author    = {Ragueneau, Olivier and Schultes, Sabine and Bidle, Kay and Claquin, Pascal and Moriceau, Briva{\"e}la},
  title     = {Si and C interactions in the world ocean: Importance of ecological processes and implications for the role of diatoms in the biological pump},
  journal   = {Global Biogeochemical Cycles},
  year      = {2006},
  volume    = {20},
  number    = {4},
  pages     = {GB4S02},
  publisher = {Wiley Online Library},
}

@article{ratnasingham2013dna,
  title={A DNA-based registry for all animal species: the Barcode Index Number (BIN) system},
  author={Ratnasingham, Sujeevan and Hebert, Paul DN},
  journal={PloS one},
  volume={8},
  number={7},
  pages={e66213},
  year={2013},
  publisher={Public Library of Science San Francisco, USA}
}

@article{rebolledo2019open,
  title={An open-system approach to complex biological networks},
  author={Rebolledo, Rolando and Navarrete, Sergio A and K{\'e}fi, Sonia and Rojas, Sergio and Marquet, Pablo A},
  journal={SIAM Journal on Applied Mathematics},
  volume={79},
  number={2},
  pages={619--640},
  year={2019},
  publisher={SIAM}
}

@book{ricardo2020modern,
  title={A modern introduction to differential equations},
  author={Ricardo, Henry J},
  year={2020},
  publisher={Academic Press}
}

@article{richardson2023earth,
  title={Earth beyond six of nine planetary boundaries},
  author={Richardson, Katherine and Steffen, Will and Lucht, Wolfgang and Bendtsen, J{\o}rgen and Cornell, Sarah E and Donges, Jonathan F and Dr{\"u}ke, Markus and Fetzer, Ingo and Bala, Govindasamy and Von Bloh, Werner and others},
  journal={Science advances},
  volume={9},
  number={37},
  pages={eadh2458},
  year={2023},
  publisher={American Association for the Advancement of Science}
}

@article{richter2020genomic,
  title={Genomic evidence for global ocean plankton biogeography shaped by large-scale current systems},
  author={Richter, Daniel J and Watteaux, Romain and Vannier, Thomas and Leconte, Jade and Fr{\'e}mont, Paul and Reygondeau, Gabriel and Maillet, Nicolas and Henry, Nicolas and Benoit, Ga{\"e}tan and Da Silva, Oph{\'e}lie and others},
  journal={BioRxiv},
  pages={867739},
  year={2020},
  publisher={Cold Spring Harbor Laboratory}
}

@article{richteretal2022elife,
  title={Genomic evidence for global ocean plankton biogeography shaped by large-scale current systems},
  author={Richter, Daniel J and Watteaux, Romain and Vannier, Thomas and Leconte, Jade and Fr{\'e}mont, Paul and Reygondeau, Gabriel and Maillet, Nicolas and Henry, Nicolas and Benoit, Ga{\"e}tan and Da Silva, Oph{\'e}lie and others},
  journal={Elife},
  volume={11},
  pages={e78129},
  year={2022},
  publisher={eLife Sciences Publications Limited}
}

@article{ricklefs2006unified,
  title={The unified neutral theory of biodiversity: do the numbers add up?},
  author={Ricklefs, Robert E},
  journal={Ecology},
  volume={87},
  number={6},
  pages={1424--1431},
  year={2006},
  publisher={Wiley Online Library}
}

@article{ricklefs2012global,
  title={Global correlations in tropical tree species richness and abundance reject neutrality},
  author={Ricklefs, Robert E and Renner, Susanne S},
  journal={Science},
  volume={335},
  number={6067},
  pages={464--467},
  year={2012},
  publisher={American Association for the Advancement of Science}
}

@Article{righettietal2019SA,
  author    = {Righetti, Damiano and Vogt, Meike and Gruber, Nicolas and Psomas, Achilleas and Zimmermann, Niklaus E},
  title     = {Global pattern of phytoplankton diversity driven by temperature and environmental variability},
  journal   = {Science advances},
  year      = {2019},
  volume    = {5},
  number    = {5},
  pages     = {eaau6253},
  publisher = {American Association for the Advancement of Science},
}

@article{rocha2011functionally,
  title={Functionally similar species have similar dynamics},
  author={Rocha, Marcia R and Gaedke, Ursula and Vasseur, David A},
  journal={Journal of Ecology},
  volume={99},
  number={6},
  pages={1453--1459},
  year={2011},
  publisher={Wiley Online Library}
}

@article{rockstrom2009safe,
  title={A safe operating space for humanity},
  author={Rockstr{\"o}m, Johan and Steffen, Will and Noone, Kevin and Persson, {\AA}sa and Chapin, F Stuart and Lambin, Eric F and Lenton, Timothy M and Scheffer, Marten and Folke, Carl and Schellnhuber, Hans Joachim and others},
  journal={nature},
  volume={461},
  number={7263},
  pages={472--475},
  year={2009},
  publisher={Nature Publishing Group}
}

@article{rodrigues2016kuramoto,
  title={The Kuramoto model in complex networks},
  author={Rodrigues, Francisco A and Peron, Thomas K DM and Ji, Peng and Kurths, J{\"u}rgen},
  journal={Physics Reports},
  volume={610},
  pages={1--98},
  year={2016},
  publisher={Elsevier}
}

@article{ros2023generalized,
  title={Generalized lotka-volterra equations with random, nonreciprocal interactions: The typical number of equilibria},
  author={Ros, Valentina and Roy, Felix and Biroli, Giulio and Bunin, Guy and Turner, Ari M},
  journal={Physical Review Letters},
  volume={130},
  number={25},
  pages={257401},
  year={2023},
  publisher={APS}
}

@article{ros2023quenched,
  title={Quenched complexity of equilibria for asymmetric generalized lotka--volterra equations},
  author={Ros, Valentina and Roy, Felix and Biroli, Giulio and Bunin, Guy},
  journal={Journal of Physics A: Mathematical and Theoretical},
  volume={56},
  number={30},
  pages={305003},
  year={2023},
  publisher={IOP Publishing}
}

@article{rosenfeld2002functional,
  title={Functional redundancy in ecology and conservation},
  author={Rosenfeld, Jordan S},
  journal={Oikos},
  volume={98},
  number={1},
  pages={156--162},
  year={2002},
  publisher={Wiley Online Library}
}

@misc{rosenzweig1995species,
  title={Species diversity in space and time},
  author={Rosenzweig, ML},
  year={1995},
  publisher={Cambridge University Press}
}

@article{rosindell2012case,
  title={The case for ecological neutral theory},
  author={Rosindell, James and Hubbell, Stephen P and He, Fangliang and Harmon, Luke J and Etienne, Rampal S},
  journal={Trends in ecology \& evolution},
  volume={27},
  number={4},
  pages={203--208},
  year={2012},
  publisher={Elsevier}
}

@article{rothman2017thresholds,
  title={Thresholds of catastrophe in the Earth system},
  author={Rothman, Daniel H},
  journal={Science Advances},
  volume={3},
  number={9},
  pages={e1700906},
  year={2017},
  publisher={American Association for the Advancement of Science}
}

@article{rouby2024addressing,
    title={Addressing temporal trends in survivorship from cross-sectional sampling designs: A modelling framework with applications for megafauna conservation},
    author={Rouby, E and Authier, M and Cam, E and Siebert, U and Plard, F},
    journal={Ecological Modelling},
    volume={490},
    pages={110647},
    year={2024},
    publisher={Elsevier},
    url={https://doi.org/10.1016/j.ecolmodel.2024.110647}

}

@article{roy2019numerical,
  title={Numerical implementation of dynamical mean field theory for disordered systems: Application to the Lotka--Volterra model of ecosystems},
  author={Roy, Felix and Biroli, Giulio and Bunin, Guy and Cammarota, Chiara},
  journal={Journal of Physics A: Mathematical and Theoretical},
  volume={52},
  number={48},
  pages={484001},
  year={2019},
  publisher={IOP Publishing}
}

@article{roy2020complex,
  title={Complex interactions can create persistent fluctuations in high-diversity ecosystems},
  author={Roy, Felix and Barbier, Matthieu and Biroli, Giulio and Bunin, Guy},
  journal={PLoS computational biology},
  volume={16},
  number={5},
  pages={e1007827},
  year={2020},
  publisher={Public Library of Science San Francisco, CA USA}
}

@incollection{ruan2006delay,
  title={Delay differential equations in single species dynamics},
  author={Ruan, Shigui},
  booktitle={Delay differential equations and applications},
  pages={477--517},
  year={2006},
  publisher={Springer}
}

@article{ruan2009nonlinear,
  title={On nonlinear dynamics of predator-prey models with discrete delay},
  author={Ruan, S},
  journal={Mathematical Modelling of Natural Phenomena},
  volume={4},
  number={2},
  pages={140--188},
  year={2009},
  publisher={EDP Sciences}
}

@article{rusch2007sorcerer,
  title={The Sorcerer II global ocean sampling expedition: northwest Atlantic through eastern tropical Pacific},
  author={Rusch, Douglas B and Halpern, Aaron L and Sutton, Granger and Heidelberg, Karla B and Williamson, Shannon and Yooseph, Shibu and Wu, Dongying and Eisen, Jonathan A and Hoffman, Jeff M and Remington, Karin and others},
  journal={PLoS biology},
  volume={5},
  number={3},
  pages={e77},
  year={2007},
  publisher={Public Library of Science San Francisco, USA}
}


%%%% S %%%%
@article{saeedian2022effect,
  title={Effect of delay on the emergent stability patterns in generalized Lotka--Volterra ecological dynamics},
  author={Saeedian, Meghdad and Pigani, Emanuele and Maritan, Amos and Suweis, Samir and Azaele, Sandro},
  journal={Philosophical Transactions of the Royal Society A},
  volume={380},
  number={2227},
  pages={20210245},
  year={2022},
  publisher={The Royal Society}
}

@article{saeedian2022effects,
    title={Effect of delay on the emergent stability patterns in generalized Lotka–Volterra ecological dynamics},
    author={Saeedian, Meghdad and Pigani, Emanuele and Maritan, Amos and Suweis, Samir Simon, and Azaele, Sandro},
    journal={Phil. Trans. R. Soc. A},
    volume={380},
    year={2022}
}

@article{sahney2008recovery,
  title={Recovery from the most profound mass extinction of all time},
  author={Sahney, Sarda and Benton, Michael J},
  journal={Proceedings of the Royal Society B: Biological Sciences},
  volume={275},
  number={1636},
  pages={759--765},
  year={2008},
  publisher={The Royal Society London}
}

@article{sala2016stochastic,
  title={Stochastic neutral modelling of the Gut Microbiota’s relative species abundance from next generation sequencing data},
  author={Sala, Claudia and Vitali, Silvia and Giampieri, Enrico and do Valle, {\`I}talo Faria and Remondini, Daniel and Garagnani, Paolo and Bersanelli, Matteo and Mosca, Ettore and Milanesi, Luciano and Castellani, Gastone},
  journal={BMC bioinformatics},
  volume={17},
  pages={179--188},
  year={2016},
  publisher={Springer}
}

@article{salazar2019gene,
  title={Gene expression changes and community turnover differentially shape the global ocean metatranscriptome},
  author={Salazar, Guillem and Paoli, Lucas and Alberti, Adriana and Huerta-Cepas, Jaime and Ruscheweyh, Hans-Joachim and Cuenca, Miguelangel and Field, Christopher M and Coelho, Luis Pedro and Cruaud, Corinne and Engelen, Stefan and others},
  journal={Cell},
  volume={179},
  number={5},
  pages={1068--1083},
  year={2019},
  publisher={Elsevier}
}

@book{sarmiento2006ocean,
  title={Ocean biogeochemical dynamics},
  author={Sarmiento, Jorge L},
  year={2006},
  publisher={Princeton university press}
}

@article{schaffer1986chaos,
  title={Chaos in ecological systems: the coals that Newcastle forgot},
  author={Schaffer, William M and Kot, Mark},
  journal={Trends in Ecology \& Evolution},
  volume={1},
  number={3},
  pages={58--63},
  year={1986},
  publisher={Elsevier Current Trends}
}

@article{scheffer2001catastrophic,
  title={Catastrophic shifts in ecosystems},
  author={Scheffer, Marten and Carpenter, Stephen and Foley, Jonathan A and Folke, Carl and Walker, Brian},
  journal={Nature},
  volume={413},
  number={6856},
  pages={591--596},
  year={2001},
  publisher={Nature Publishing Group}
}

@article{schoener1982controversy,
  title={The controversy over interspecific competition: despite spirited criticism, competition continues to occupy a major domain in ecological thought},
  author={Schoener, Thomas W},
  journal={American Scientist},
  volume={70},
  number={6},
  pages={586--595},
  year={1982},
  publisher={JSTOR}
}

@Book{seckbachandkociolek2011book,
  title     = {The diatom world},
  publisher = {Springer Science \& Business Media},
  year      = {2011},
  author    = {Seckbach, Joseph and Kociolek, Patrick},
  volume    = {19},
}

@article{seguraetal2011PRSBS,
  title={Emergent neutrality drives phytoplankton species coexistence},
  author={Segura, Angel M and Calliari, Danilo and Kruk, Carla and Conde, Daniel and Bonilla, Sylvia and Fort, Hugo},
  journal={Proceedings of the Royal Society B: Biological Sciences},
  volume={278},
  number={1716},
  pages={2355--2361},
  year={2011},
  publisher={The Royal Society}
}

@Article{seguraetal2017EL,
  author   = {Segura, A. M. and Calliari, D. and Lan, B. L. and Fort, H. and Widdicombe, C. E. and Harmer, R. and Arim, M.},
  title    = {Community fluctuations and local extinction in a planktonic food web},
  journal  = {Ecology Letters},
  year     = {2017},
  volume   = {20},
  number   = {4},
  pages    = {471--476},
  abstract = {Abstract Determining statistical patterns irrespective of interacting agents (i.e. macroecology) is useful to explore the mechanisms driving population fluctuations and extinctions in natural food webs. Here, we tested four predictions of a neutral model on the distribution of community fluctuations (CF) and the distributions of persistence times (APT). Novel predictions for the food web were generated by combining (1) body size-density scaling, (2) Taylor's law and (3) low efficiency of trophic transference. Predictions were evaluated on an exceptional data set of plankton with 15 years of weekly samples encompassing c. 250 planktonic species from three trophic levels, sampled in the western English Channel. Highly symmetric non-Gaussian distributions of CF support zero-sum dynamics. Variability in CF decreased while a change from an exponential to a power law distribution of APT from basal to upper trophic positions was detected. Results suggest a predictable but profound effect of trophic position on fluctuations and extinction in natural communities.},
  doi      = {10.1111/ele.12749},
  keywords = {macroecology, plankton, food web, fluctuations, Station L4, English Channel},
}

@article{sergiacomi2018ubiquitous,
  title={Ubiquitous abundance distribution of non-dominant plankton across the global ocean},
  author={Ser-Giacomi, Enrico and Zinger, Lucie and Malviya, Shruti and De Vargas, Colomban and Karsenti, Eric and Bowler, Chris and De Monte, Silvia},
  journal={Nature ecology \& evolution},
  volume={2},
  number={8},
  pages={1243--1249},
  year={2018},
  publisher={Nature Publishing Group UK London}
}

@article{servan2018coexistence,
  title={Coexistence of many species in random ecosystems},
  author={Serv{\'a}n, Carlos A and Capit{\'a}n, Jos{\'e} A and Grilli, Jacopo and Morrison, Kent E and Allesina, Stefano},
  journal={Nature ecology \& evolution},
  volume={2},
  number={8},
  pages={1237--1242},
  year={2018},
  publisher={Nature Publishing Group}
}

@article{servedio2014not,
  title={Not just a theory—the utility of mathematical models in evolutionary biology},
  author={Servedio, Maria R and Brandvain, Yaniv and Dhole, Sumit and Fitzpatrick, Courtney L and Goldberg, Emma E and Stern, Caitlin A and Van Cleve, Jeremy and Yeh, D Justin},
  journal={PLoS biology},
  volume={12},
  number={12},
  pages={e1002017},
  year={2014},
  publisher={Public Library of Science San Francisco, USA}
}

@article{shahrezaei2008analytical,
  title={Analytical distributions for stochastic gene expression},
  author={Shahrezaei, Vahid and Swain, Peter S},
  journal={Proceedings of the National Academy of Sciences},
  volume={105},
  number={45},
  pages={17256--17261},
  year={2008},
  publisher={National Acad Sciences}
}

@article{shoemakeretal2017NEE,
  title={A macroecological theory of microbial biodiversity},
  author={Shoemaker, William R and Locey, Kenneth J and Lennon, Jay T},
  journal={Nature ecology \& evolution},
  volume={1},
  number={5},
  pages={1--6},
  year={2017},
  publisher={Nature Publishing Group}
}

@article{siegel1998resource,
  title={Resource competition in a discrete environment: Why are plankton distributions paradoxical?},
  author={Siegel, David A},
  journal={Limnology and Oceanography},
  volume={43},
  number={6},
  pages={1133--1146},
  year={1998},
  publisher={Wiley Online Library}
}

@article{slik2015estimate,
  title={An estimate of the number of tropical tree species},
  author={Slik, JW Ferry and Arroyo-Rodr{\'\i}guez, V{\'\i}ctor and Aiba, Shin-Ichiro and Alvarez-Loayza, Patricia and Alves, Luciana F and Ashton, Peter and Balvanera, Patricia and Bastian, Meredith L and Bellingham, Peter J and Van Den Berg, Eduardo and others},
  journal={Proceedings of the National Academy of Sciences},
  volume={112},
  number={24},
  pages={7472--7477},
  year={2015},
  publisher={National Acad Sciences}
}

@article{smetacek1999revolution,
  title={Revolution in the ocean},
  author={Smetacek, Victor},
  journal={Nature},
  volume={401},
  number={6754},
  pages={647--647},
  year={1999},
  publisher={Nature Publishing Group}
}

@book{smith2011introduction,
  title={An introduction to delay differential equations with applications to the life sciences},
  author={Smith, Hal L},
  volume={57},
  year={2011},
  publisher={Springer New York}
}

@article{smith2016phytoplankton,
  title={Phytoplankton size-diversity mediates an emergent trade-off in ecosystem functioning for rare versus frequent disturbances},
  author={Smith, S Lan and Vallina, Sergio M and Merico, Agostino},
  journal={Scientific Reports},
  volume={6},
  number={1},
  pages={34170},
  year={2016},
  publisher={Nature Publishing Group UK London}
}

@article{sogin2006microbial,
  title={Microbial diversity in the deep sea and the underexplored “rare biosphere”},
  author={Sogin, Mitchell L and Morrison, Hilary G and Huber, Julie A and Welch, David Mark and Huse, Susan M and Neal, Phillip R and Arrieta, Jesus M and Herndl, Gerhard J},
  journal={Proceedings of the National Academy of Sciences},
  volume={103},
  number={32},
  pages={12115--12120},
  year={2006},
  publisher={National Acad Sciences}
}

@Article{soginetal2006PNAS,
  author    = {Sogin, Mitchell L and Morrison, Hilary G and Huber, Julie A and Welch, David Mark and Huse, Susan M and Neal, Phillip R and Arrieta, Jesus M and Herndl, Gerhard J},
  title     = {Microbial diversity in the deep sea and the underexplored “rare biosphere”},
  journal   = {Proceedings of the National Academy of Sciences},
  year      = {2006},
  volume    = {103},
  number    = {32},
  pages     = {12115--12120},
  doi       = {https://doi.org/10.1073/pnas.0605127103},
  publisher = {National Acad Sciences},
  url       = {https://www.pnas.org/content/103/32/12115/},
}

@Article{soleetal2000PA,
  author    = {Sol{\'e}, Ricard V and Alonso, David and McKane, Alan},
  title     = {Scaling in a network model of a multispecies ecosystem},
  journal   = {Physica A: Statistical Mechanics and its Applications},
  year      = {2000},
  volume    = {286},
  number    = {1-2},
  pages     = {337--344},
  publisher = {Elsevier},
}

@article{sommeria2021global,
  title={Global drivers of eukaryotic plankton biogeography in the sunlit ocean},
  author={Sommeria-Klein, Guilhem and Watteaux, Romain and Ibarbalz, Federico M and Pierella Karlusich, Juan Jos{\'e} and Iudicone, Daniele and Bowler, Chris and Morlon, H{\'e}l{\`e}ne},
  journal={Science},
  volume={374},
  number={6567},
  pages={594--599},
  year={2021},
  publisher={American Association for the Advancement of Science}
}

@article{sompolinsky1981dynamic,
  title={Dynamic theory of the spin-glass phase},
  author={Sompolinsky, Haim and Zippelius, Annette},
  journal={Physical Review Letters},
  volume={47},
  number={5},
  pages={359},
  year={1981},
  publisher={APS}
}

@article{sompolinsky1982relaxational,
  title={Relaxational dynamics of the Edwards-Anderson model and the mean-field theory of spin-glasses},
  author={Sompolinsky, Haim and Zippelius, Annette},
  journal={Physical Review B},
  volume={25},
  number={11},
  pages={6860},
  year={1982},
  publisher={APS}
}

@article{stenseth1998patterns,
  title={From patterns to processes: phase and density dependencies in the Canadian lynx cycle},
  author={Stenseth, Nils C and Falck, Wilhelm and Chan, Kung-Sik and Bj{\o}rnstad, Ottar N and O’Donoghue, Mark and Tong, Howell and Boonstra, Rudy and Boutin, Stan and Krebs, Charles J and Yoccoz, Nigel G},
  journal={Proceedings of the National Academy of Sciences},
  volume={95},
  number={26},
  pages={15430--15435},
  year={1998},
  publisher={National Acad Sciences}
}

@misc{stepan2009delay,
  title={Delay effects in brain dynamics},
  author={Stepan, Gabor},
  journal={Philosophical Transactions of the Royal Society A: Mathematical, Physical and Engineering Sciences},
  volume={367},
  number={1891},
  pages={1059--1062},
  year={2009},
  publisher={The Royal Society London}
}

@article{stepanauskas2012single,
  title={Single cell genomics: an individual look at microbes},
  author={Stepanauskas, Ramunas},
  journal={Current opinion in microbiology},
  volume={15},
  number={5},
  pages={613--620},
  year={2012},
  publisher={Elsevier}
}

@Article{stiboretal2004EL,
  author   = {Stibor, Herwig and Vadstein, Olav and Diehl, Sebastian and Gelzleichter, Anna and Hansen, Thomas and Hantzsche, Florian and Katechakis, Alexis and Lippert, Bettina and Løseth, Kjetil and Peters, Claudia and Roederer, Wendy and Sandow, Marcel and Sundt-Hansen, Line and Olsen, Yngvar},
  title    = {Copepods act as a switch between alternative trophic cascades in marine pelagic food webs},
  journal  = {Ecology Letters},
  year     = {2004},
  volume   = {7},
  number   = {4},
  pages    = {321--328},
  abstract = {Abstract A recent meta-analysis indicates that trophic cascades (indirect effects of predators on plants via herbivores) are weak in marine plankton in striking contrast to freshwater plankton (Shurin et al. 2002, Ecol. Lett., 5, 785--791). Here we show that in a marine plankton community consisting of jellyfish, calanoid copepods and algae, jellyfish predation consistently reduced copepods but produced two distinct, opposite responses of algal biomass. Calanoid copepods act as a switch between alternative trophic cascades along food chains of different length and with counteracting effects on algal biomass. Copepods reduced large algae but simultaneously promoted small algae by feeding on ciliates. The net effect of jellyfish on total algal biomass was positive when large algae were initially abundant in the phytoplankton, negative when small algae were dominant, but zero when experiments were analysed in combination. In contrast to marine systems, major pathways of energy flow in Daphnia-dominated freshwater systems are of similar chain length. Thus, differences in the length of alternative, parallel food chains may explain the apparent discrepancy in trophic cascade strength between freshwater and marine planktonic systems.},
  doi      = {10.1111/j.1461-0248.2004.00580.x},
  keywords = {Indirect effects, meta-analysis, predation, top-down control, trophic structure, food chain theory},
}

@Article{stoeckeretal2017ARMS,
  author    = {Stoecker, Diane K and Hansen, Per Juel and Caron, David A and Mitra, Aditee},
  title     = {Mixotrophy in the marine plankton},
  journal   = {Annual Review of Marine Science},
  year      = {2017},
  volume    = {9},
  pages     = {311--335},
  publisher = {Annual Reviews},
}

@article{stomp2004adaptive,
  title={Adaptive divergence in pigment composition promotes phytoplankton biodiversity},
  author={Stomp, Maayke and Huisman, Jef and Stal, Lucas J and Matthijs, Hans CP},
  journal={Nature},
  volume={432},
  number={7013},
  pages={104--107},
  year={2004},
  publisher={Nature Publishing Group}
}

@book{strong2014ecological,
  title={Ecological communities: conceptual issues and the evidence},
  author={Strong Jr, Donald R and Simberloff, Daniel and Abele, Lawrence G and Thistle, Anne B},
  volume={613},
  year={2014},
  publisher={Princeton University Press}
}

@article{strzepek2004photosynthetic,
  title={Photosynthetic architecture differs in coastal and oceanic diatoms},
  author={Strzepek, Robert F and Harrison, Paul J},
  journal={Nature},
  volume={431},
  number={7009},
  pages={689--692},
  year={2004},
  publisher={Nature Publishing Group UK London}
}

@article{sunagawa2020tara,
  title={Tara Oceans: towards global ocean ecosystems biology},
  author={Sunagawa, Shinichi and Acinas, Silvia G and Bork, Peer and Bowler, Chris and Eveillard, Damien and Gorsky, Gabriel and Guidi, Lionel and Iudicone, Daniele and Karsenti, Eric and Lombard, Fabien and others},
  journal={Nature Reviews Microbiology},
  volume={18},
  number={8},
  pages={428--445},
  year={2020},
  publisher={Nature Publishing Group}
}

@article{suweis2024generalized,
  title={Generalized lotka-volterra systems with time correlated stochastic interactions},
  author={Suweis, Samir and Ferraro, Francesco and Grilletta, Christian and Azaele, Sandro and Maritan, Amos},
  journal={Physical Review Letters},
  volume={133},
  number={16},
  pages={167101},
  year={2024},
  publisher={APS}
}

@article{swan2013prevalent,
  title={Prevalent genome streamlining and latitudinal divergence of planktonic bacteria in the surface ocean},
  author={Swan, Brandon K and Tupper, Ben and Sczyrba, Alexander and Lauro, Federico M and Martinez-Garcia, Manuel and Gonz{\'a}lez, Jos{\'e} M and Luo, Haiwei and Wright, Jody J and Landry, Zachary C and Hanson, Niels W and others},
  journal={Proceedings of the National Academy of Sciences},
  volume={110},
  number={28},
  pages={11463--11468},
  year={2013},
  publisher={National Acad Sciences}
}


%%%% T %%%%
@article{tao2010random,
  title={Random matrices: Universality of ESDs and the circular law},
  author={Tao, Terence and Vu, Van and Krishnapur, Manjunath and others},
  journal={Annals of Probability},
  volume={38},
  number={5},
  pages={2023--2065},
  year={2010},
  publisher={Institute of Mathematical Statistics}
}

@article{tauber2012population,
  title={Population oscillations in spatial stochastic Lotka--Volterra models: a field-theoretic perturbational analysis},
  author={T{\"a}uber, Uwe C},
  journal={Journal of Physics A: Mathematical and Theoretical},
  volume={45},
  number={40},
  pages={405002},
  year={2012},
  publisher={IOP Publishing}
}

@article{taylor1961aggregation,
  title={Aggregation, variance and the mean},
  author={Taylor, Lionel Roy},
  journal={Nature},
  volume={189},
  number={4766},
  pages={732--735},
  year={1961},
  publisher={Nature Publishing Group}
}

@article{te2019mori,
  title={Mori-Zwanzig projection operator formalism for far-from-equilibrium systems with time-dependent Hamiltonians},
  author={Te Vrugt, Michael and Wittkowski, Raphael},
  journal={Physical Review E},
  volume={99},
  number={6},
  pages={062118},
  year={2019},
  publisher={APS}
}

@article{te2020projection,
  title={Projection operators in statistical mechanics: a pedagogical approach},
  author={te Vrugt, Michael and Wittkowski, Raphael},
  journal={European Journal of Physics},
  volume={41},
  number={4},
  pages={045101},
  year={2020},
  publisher={IOP Publishing}
}

@article{ter2013hyperdominance,
  title={Hyperdominance in the Amazonian tree flora},
  author={Ter Steege, Hans and Pitman, Nigel CA and Sabatier, Daniel and Baraloto, Christopher and Salom{\~a}o, Rafael P and Guevara, Juan Ernesto and Phillips, Oliver L and Castilho, Carolina V and Magnusson, William E and Molino, Jean-Fran{\c{c}}ois and others},
  journal={Science},
  volume={342},
  number={6156},
  pages={1243092},
  year={2013},
  publisher={American Association for the Advancement of Science}
}

@article{thomas2012global,
  title={A global pattern of thermal adaptation in marine phytoplankton},
  author={Thomas, Mridul K and Kremer, Colin T and Klausmeier, Christopher A and Litchman, Elena},
  journal={Science},
  volume={338},
  number={6110},
  pages={1085--1088},
  year={2012},
  publisher={American Association for the Advancement of Science}
}

@book{thurneretal2018book,
  title={Introduction to the theory of complex systems},
  author={Thurner, Stefan and Hanel, Rudolf and Klimek, Peter},
  year={2018},
  publisher={Oxford University Press}
}

@article{tittensor2010global,
  title={Global patterns and predictors of marine biodiversity across taxa},
  author={Tittensor, Derek P and Mora, Camilo and Jetz, Walter and Lotze, Heike K and Ricard, Daniel and Berghe, Edward Vanden and Worm, Boris},
  journal={Nature},
  volume={466},
  number={7310},
  pages={1098--1101},
  year={2010},
  publisher={Nature Publishing Group UK London}
}

@article{tovo2021upscaling,
  title={Upscaling human activity data: A statistical ecology approach},
  author={Tovo, Anna and Stivanello, Samuele and Maritan, Amos and Suweis, Samir and Favaro, Stefano and Formentin, Marco},
  journal={Plos one},
  volume={16},
  number={7},
  pages={e0253461},
  year={2021},
  publisher={Public Library of Science San Francisco, CA USA}
}

@Article{tovoetal2017SA,
  author    = {Tovo, Anna and Suweis, Samir and Formentin, Marco and Favretti, Marco and Volkov, Igor and Banavar, Jayanth R. and Azaele, Sandro and Maritan, Amos},
  title     = {Upscaling species richness and abundances in tropical forests},
  journal   = {Science Advances},
  year      = {2017},
  volume    = {3},
  number    = {10},
  doi       = {10.1126/sciadv.1701438},
  publisher = {American Association for the Advancement of Science},
  url       = {https://advances.sciencemag.org/content/3/10/e1701438},
}

@article{treguer2018influence,
  title={Influence of diatom diversity on the ocean biological carbon pump},
  author={Tr{\'e}guer, Paul and Bowler, Chris and Moriceau, Brivaela and Dutkiewicz, Stephanie and Gehlen, Marion and Aumont, Olivier and Bittner, Lucie and Dugdale, Richard and Finkel, Zoe and Iudicone, Daniele and others},
  journal={Nature Geoscience},
  volume={11},
  number={1},
  pages={27--37},
  year={2018},
  publisher={Nature Publishing Group}
}

@article{tu2017collapse,
  title={Collapse of resilience patterns in generalized Lotka-Volterra dynamics and beyond},
  author={Tu, Chengyi and Grilli, Jacopo and Schuessler, Friedrich and Suweis, Samir},
  journal={Physical Review E},
  volume={95},
  number={6},
  pages={062307},
  year={2017},
  publisher={APS}
}

@article{tu2019reconciling,
  title={Reconciling cooperation, biodiversity and stability in complex ecological communities},
  author={Tu, Chengyi and Suweis, Samir and Grilli, Jacopo and Formentin, Marco and Maritan, Amos},
  journal={Scientific reports},
  volume={9},
  number={1},
  pages={1--10},
  year={2019},
  publisher={Nature Publishing Group}
}

@article{turner2015zooplankton,
  title={Zooplankton fecal pellets, marine snow, phytodetritus and the ocean’s biological pump},
  author={Turner, Jefferson T},
  journal={Progress in Oceanography},
  volume={130},
  pages={205--248},
  year={2015},
  publisher={Elsevier}
}


%%%% U %%%%
@article{uitz2006vertical,
  title={Vertical distribution of phytoplankton communities in open ocean: An assessment based on surface chlorophyll},
  author={Uitz, Julia and Claustre, Herv{\'e} and Morel, Andr{\'e} and Hooker, Stanford B},
  journal={Journal of Geophysical Research: Oceans},
  volume={111},
  number={C8},
  year={2006},
  publisher={Wiley Online Library}
}

@article{ulrich2004frequent,
 ISSN = {13669516, 14724642},
 URL = {http://www.jstor.org/stable/3246815},
 author = {Werner Ulrich and Marcin Ollik},
 journal = {Diversity and Distributions},
 number = {4},
 pages = {263--269},
 year = {2004},
 publisher = {Wiley},
 title = {Frequent and Occasional Species and the Shape of Relative-Abundance Distributions},
 urldate = {2024-12-02},
 volume = {10}
}

@article{usticketal2021science,
  title={Metagenomic analysis reveals global-scale patterns of ocean nutrient limitation},
  author={Ustick, Lucas J and Larkin, Alyse A and Garcia, Catherine A and Garcia, Nathan S and Brock, Melissa L and Lee, Jenna A and Wiseman, Nicola A and Moore, J Keith and Martiny, Adam C},
  journal={Science},
  volume={372},
  number={6539},
  pages={287--291},
  year={2021},
  publisher={American Association for the Advancement of Science}
}

@article{utermohl1958vervollkommung,
  title={Zur Vervollkommung der quantitativen phytoplankton-methodik},
  author={Utermohl, HZVD},
  journal={Mitt Int. Ver Limnol.},
  volume={9},
  pages={38},
  year={1958}
}


%%%% V %%%%
@article{vagnon2024ecosystem,
  title={Ecosystem synchrony: an emerging property to elucidate ecosystem responses to global change},
  author={Vagnon, Chlo{\'e} and Olden, Julian D and Boul{\^e}treau, St{\'e}phanie and Bruel, Rosalie and Chevalier, Mathieu and Garcia, Flavien and Holtgrieve, Gordon and Jackson, Michelle and Thebault, Elisa and Tedesco, Pablo A and others},
  journal={Trends in Ecology \& Evolution},
  year={2024},
  publisher={Elsevier}
}

@article{van2008unseen,
  title={The unseen majority: soil microbes as drivers of plant diversity and productivity in terrestrial ecosystems},
  author={Van Der Heijden, Marcel GA and Bardgett, Richard D and Van Straalen, Nico M},
  journal={Ecology letters},
  volume={11},
  number={3},
  pages={296--310},
  year={2008},
  publisher={Wiley Online Library}
}

@incollection{vankampen2007stochastic,
  title = {{Stochastic Processes in Physics and Chemistry}},
  editor = {N.G. {Van Kampen}},
  publisher = {Elsevier},
  edition = {3th},
  address = {Amsterdam},
  year = {2007},
  series = {North-Holland Personal Library},
  issn = {09255818},
  doi = {https://doi.org/10.1016/B978-044452965-7/50006-4},
  url = {https://www.sciencedirect.com/science/article/pii/B9780444529657500064},
  author = {N.G. {Van Kampen}}
}

@article{vanormelingen2009diversity,
  title={The diversity and distribution of diatoms: from cosmopolitanism to narrow endemism},
  author={Vanormelingen, Pieter and Verleyen, Elie and Vyverman, Wim},
  journal={Protist diversity and geographical distribution},
  pages={159--171},
  year={2009},
  publisher={Springer}
}

@article{vanrossumetal2020NRM,
  title={Diversity within species: interpreting strains in microbiomes},
  author={Van Rossum, Thea and Ferretti, Pamela and Maistrenko, Oleksandr M and Bork, Peer},
  journal={Nature Reviews Microbiology},
  volume={18},
  number={9},
  pages={491--506},
  year={2020},
  publisher={Nature Publishing Group}
}

@article{vasseur2007spectral,
  title={Spectral analysis unmasks synchronous and compensatory dynamics in plankton communities},
  author={Vasseur, David A and Gaedke, Ursula},
  journal={Ecology},
  volume={88},
  number={8},
  pages={2058--2071},
  year={2007},
  publisher={Wiley Online Library}
}

@article{falkowski1998biogeochemical,
  title={Biogeochemical controls and feedbacks on ocean primary production},
  author={Falkowski, Paul G and Barber, Richard T and Smetacek, Victor},
  journal={science},
  volume={281},
  number={5374},
  pages={200--206},
  year={1998},
  publisher={American Association for the Advancement of Science}
}

@article{brown1995spatial,
  title={Spatial variation in abundance},
  author={Brown, James H and Mehlman, David W and Stevens, George C},
  journal={Ecology},
  volume={76},
  number={7},
  pages={2028--2043},
  year={1995},
  publisher={Wiley Online Library}
}

@article{vasseur2014synchronous,
  title={Synchronous dynamics of zooplankton competitors prevail in temperate lake ecosystems},
  author={Vasseur, David A and Fox, Jeremy W and Gonzalez, Andrew and Adrian, Rita and Beisner, Beatrix E and Helmus, Matthew R and Johnson, Catherine and Kratina, Pavel and Kremer, Colin and De Mazancourt, Claire and others},
  journal={Proceedings of the Royal Society B: Biological Sciences},
  volume={281},
  number={1788},
  pages={20140633},
  year={2014},
  publisher={The Royal Society}
}

@incollection{vellend2016theory,
  title={The theory of ecological communities (MPB-57)},
  author={Vellend, Mark},
  booktitle={The theory of ecological communities (MPB-57)},
  year={2016},
  publisher={Princeton University Press}
}

@article{venkataraman2015application,
  title={Application of a neutral community model to assess structuring of the human lung microbiome},
  author={Venkataraman, Arvind and Bassis, Christine M and Beck, James M and Young, Vincent B and Curtis, Jeffrey L and Huffnagle, Gary B and Schmidt, Thomas M},
  journal={MBio},
  volume={6},
  number={1},
  pages={10--1128},
  year={2015},
  publisher={Am Soc Microbiol}
}

@article{villa2020ocean,
  title={Ocean currents promote rare species diversity in protists},
  author={Villa Mart{\'\i}n, Paula and Bu{\v{c}}ek, Ale{\v{s}} and Bourguignon, Thomas and Pigolotti, Simone},
  journal={Science advances},
  volume={6},
  number={29},
  pages={eaaz9037},
  year={2020},
  publisher={American Association for the Advancement of Science}
}

@article{villanova2017investigating,
  title={Investigating mixotrophic metabolism in the model diatom Phaeodactylum tricornutum},
  author={Villanova, Valeria and Fortunato, Antonio Emidio and Singh, Dipali and Bo, Davide Dal and Conte, Melissa and Obata, Toshihiro and Jouhet, Juliette and Fernie, Alisdair R and Marechal, Eric and Falciatore, Angela and others},
  journal={Philosophical Transactions of the Royal Society B: Biological Sciences},
  volume={372},
  number={1728},
  pages={20160404},
  year={2017},
  publisher={The Royal Society}
}

@article{volkov2003neutral,
  title={Neutral theory and relative species abundance in ecology},
  author={Volkov, Igor and Banavar, Jayanth R and Hubbell, Stephen P and Maritan, Amos},
  journal={Nature},
  volume={424},
  number={6952},
  pages={1035--1037},
  year={2003},
  publisher={Nature Publishing Group}
}

@article{volkov2005density,
  title={Density dependence explains tree species abundance and diversity in tropical forests},
  author={Volkov, Igor and Banavar, Jayanth R and He, Fangliang and Hubbell, Stephen P and Maritan, Amos},
  journal={Nature},
  volume={438},
  number={7068},
  pages={658--661},
  year={2005},
  publisher={Nature Publishing Group UK London}
}

@article{volkov2006density,
author = {Volkov, Igor and Banavar, Jayanth and He, Fangliang and Hubbell, Stephen and Maritan, Amos},
year = {2006},
month = {01},
pages = {658-61},
title = {Density dependence explains tree species abundance and diversity in tropical forests},
volume = {438},
journal = {Nature},
doi = {10.1038/nature04030}
}

@article{volkov2007patterns,
  title={Patterns of relative species abundance in rainforests and coral reefs},
  author={Volkov, Igor and Banavar, Jayanth R and Hubbell, Stephen P and Maritan, Amos},
  journal={Nature},
  volume={450},
  number={7166},
  pages={45--49},
  year={2007},
  publisher={Nature Publishing Group}
}

@Article{volkovetal2003nature,
  author    = {Volkov, Igor and Banavar, Jayanth R and Hubbell, Stephen P and Maritan, Amos},
  title     = {Neutral theory and relative species abundance in ecology},
  journal   = {Nature},
  year      = {2003},
  volume    = {424},
  number    = {6952},
  pages     = {1035--1037},
  publisher = {Nature Publishing Group},
}

@article{volterra1926fluctuations,
  title={Fluctuations in the abundance of a species considered mathematically},
  author={Volterra, Vito},
  journal={Nature},
  volume={118},
  number={2972},
  pages={558--560},
  year={1926}
}

@article{von2011unveiling,
  title={Unveiling the mysteries of phytoplankton life cycles: patterns and opportunities behind complexity},
  author={von Dassow, Peter and Montresor, Marina},
  journal={Journal of Plankton Research},
  volume={33},
  number={1},
  pages={3--12},
  year={2011},
  publisher={Oxford University Press}
}

@article{vondassowandmontresor2011JPR,
  title={Unveiling the mysteries of phytoplankton life cycles: patterns and opportunities behind complexity},
  author={von Dassow, Peter and Montresor, Marina},
  journal={Journal of Plankton Research},
  volume={33},
  number={1},
  pages={3--12},
  year={2011},
  publisher={Oxford University Press}
}


%%%% W %%%%
@article{webb2012marine,
title = {Marine and terrestrial ecology: unifying concepts, revealing differences},
journal = {Trends in Ecology \& Evolution},
volume = {27},
number = {10},
pages = {535-541},
year = {2012},
issn = {0169-5347},
doi = {https://doi.org/10.1016/j.tree.2012.06.002},
url = {https://www.sciencedirect.com/science/article/pii/S0169534712001437},
author = {Thomas J. Webb},
abstract = {The extent to which similar ecological processes operate on land and in the sea has been much debated, with apparently ‘fundamental’ differences often disappearing when appropriate comparisons are made. However, marine and terrestrial ecology have developed as largely separate intellectual endeavours, which has hampered the search for general patterns and mechanisms. Here, I argue that marine–terrestrial comparative studies can be extremely useful at uncovering mechanisms when they explicitly consider those facets of the environment that are important to a particular hypothesis. Furthermore, the binary ‘marine–terrestrial’ division misses many opportunities for more interesting comparisons, several of which I highlight here. Increasing the flow of concepts, hypotheses, and data between marine and terrestrial ecologists is essential to reveal those differences that really are important.}
}

@article{wennekes2012neutral,
  title={The neutral—niche debate: a philosophical perspective},
  author={Wennekes, Paul L and Rosindell, James and Etienne, Rampal S},
  journal={Acta biotheoretica},
  volume={60},
  pages={257--271},
  year={2012},
  publisher={Springer}
}

@article{wernecke2019chaos,
  title={Chaos in time delay systems, an educational review},
  author={Wernecke, Hendrik and S{\'a}ndor, Bulcs{\'u} and Gros, Claudius},
  journal={Physics Reports},
  volume={824},
  pages={1--40},
  year={2019},
  publisher={Elsevier}
}

@article{west2018book,
  title={Scale: The universal laws of growth, innovation, sustainability, and the pace of life in organisms, cities, economies, and companies (Reprint edition)},
  author={West, G},
  journal={Sl: Penguin Books},
  year={2018}
}

@article{whitman1998prokaryotes,
  title={Prokaryotes: the unseen majority},
  author={Whitman, William B and Coleman, David C and Wiebe, William J},
  journal={Proceedings of the National Academy of Sciences},
  volume={95},
  number={12},
  pages={6578--6583},
  year={1998},
  publisher={National Acad Sciences}
}

@article{whittaker1965dominance,
  title={Dominance and Diversity in Land Plant Communities: Numerical relations of species express the importance of competition in community function and evolution.},
  author={Whittaker, Robert H},
  journal={Science},
  volume={147},
  number={3655},
  pages={250--260},
  year={1965},
  publisher={American Association for the Advancement of Science}
}

@article{whittaker2017evidence,
  title={Evidence for environmental and ecological selection in a microbe with no geographic limits to gene flow},
  author={Whittaker, Kerry A and Rynearson, Tatiana A},
  journal={Proceedings of the National Academy of Sciences},
  volume={114},
  number={10},
  pages={2651--2656},
  year={2017},
  publisher={National Acad Sciences}
}

@article{wigner1967random,
  title={Random matrices in physics},
  author={Wigner, Eugene P},
  journal={SIAM review},
  volume={9},
  number={1},
  pages={1--23},
  year={1967},
  publisher={SIAM}
}

@article{williams1943area,
  title={Area and number of species},
  author={Williams, Carrington B},
  journal={Nature},
  volume={152},
  number={3853},
  pages={264--267},
  year={1943},
  publisher={Nature Publishing Group}
}

@article{willig2003latitudinal,
  title={Latitudinal gradients of biodiversity: pattern, process, scale, and synthesis},
  author={Willig, Michael R and Kaufman, Dawn M and Stevens, Richard D},
  journal={Annual review of ecology, evolution, and systematics},
  volume={34},
  number={1},
  pages={273--309},
  year={2003},
  publisher={Annual Reviews 4139 El Camino Way, Palo Alto, USA}
}

@article{worden2015rethinking,
  title={Rethinking the marine carbon cycle: factoring in the multifarious lifestyles of microbes},
  author={Worden, Alexandra Z and Follows, Michael J and Giovannoni, Stephen J and Wilken, Susanne and Zimmerman, Amy E and Keeling, Patrick J},
  journal={Science},
  volume={347},
  number={6223},
  pages={1257594},
  year={2015},
  publisher={American Association for the Advancement of Science}
}

@article{wyattandjenkinson1993FO,
  title={The North Atlantic Turbine: views of production processes from a mainly North Atlantic perspective},
  author={Wyatt, T and Jenkinson, Ian R},
  journal={Fisheries Oceanography},
  volume={2},
  number={3-4},
  pages={231--243},
  year={1993},
  publisher={Wiley Online Library}
}


%%%% X %%%%
@article{xiao2015process,
  title={A process-independent explanation for the general form of Taylor’s law},
  author={Xiao, Xiao and Locey, Kenneth J and White, Ethan P},
  journal={The American Naturalist},
  volume={186},
  number={2},
  pages={E51--E60},
  year={2015},
  publisher={University of Chicago Press Chicago, IL}
}


%%%% Y %%%%
@article{yangetal2013JB,
  title={Geographical sampling bias in a large distributional database and its effects on species richness--environment models},
  author={Yang, Wenjing and Ma, Keping and Kreft, Holger},
  journal={Journal of Biogeography},
  volume={40},
  number={8},
  pages={1415--1426},
  year={2013},
  publisher={Wiley Online Library}
}

@article{yeung1999time,
  title={Time delay in the Kuramoto model of coupled oscillators},
  author={Yeung, MK Stephen and Strogatz, Steven H},
  journal={Physical Review Letters},
  volume={82},
  number={3},
  pages={648},
  year={1999},
  publisher={APS}
}


%%%% Z %%%%
@article{zaoli2021macroecological,
  title={A macroecological description of alternative stable states reproduces intra-and inter-host variability of gut microbiome},
  author={Zaoli, Silvia and Grilli, Jacopo},
  journal={Science Advances},
  volume={7},
  number={43},
  pages={eabj2882},
  year={2021},
  publisher={American Association for the Advancement of Science}
}

@article{zeng2015neutral,
  title={Neutral models of microbiome evolution},
  author={Zeng, Qinglong and Sukumaran, Jeet and Wu, Steven and Rodrigo, Allen},
  journal={PLoS computational biology},
  volume={11},
  number={7},
  pages={e1004365},
  year={2015},
  publisher={Public Library of Science San Francisco, CA USA}
}

@book{zwanzig2001nonequilibrium,
  title={Nonequilibrium statistical mechanics},
  author={Zwanzig, Robert},
  year={2001},
  publisher={Oxford university press}
}

@article{wills1997strong,
  title={Strong density-and diversity-related effects help to maintain tree species diversity in a neotropical forest},
  author={Wills, Christopher and Condit, Richard and Foster, Robin B and Hubbell, Stephen P},
  journal={Proceedings of the National Academy of Sciences},
  volume={94},
  number={4},
  pages={1252--1257},
  year={1997},
  publisher={National Acad Sciences}
}

@article{clark1999edaphic,
  title={Edaphic factors and the landscape-scale distributions of tropical rain forest trees},
  author={Clark, David B and Palmer, Michael W and Clark, Deborah A},
  journal={Ecology},
  volume={80},
  number={8},
  pages={2662--2675},
  year={1999},
  publisher={Wiley Online Library}
}

@article{brenner2012life,
  title={Life's code script},
  author={Brenner, Sydney},
  journal={Nature},
  volume={482},
  number={7386},
  pages={461--461},
  year={2012},
  publisher={Nature Publishing Group UK London}
}



@article{beisner2003alternative,
  title={Alternative stable states in ecology},
  author={Beisner, Beatrix E and Haydon, Daniel T and Cuddington, Kim},
  journal={Frontiers in Ecology and the Environment},
  volume={1},
  number={7},
  pages={376--382},
  year={2003},
  publisher={Wiley Online Library}
}

@article{monod1949growth,
  title={The growth of bacterial cultures},
  author={Monod, Jacques},
  journal={Selected Papers in Molecular Biology by Jacques Monod},
  volume={139},
  pages={606},
  year={1949},
  publisher={Elsevier}
}

@article{michaelis1913kinetik,
  title={Die kinetik der invertinwirkung},
  author={Michaelis, Leonor and Menten, Maud L and others},
  journal={Biochem. z},
  volume={49},
  number={333-369},
  pages={352},
  year={1913},
  publisher={Berlin}
}

@article{zillio2005spatial,
  title={Spatial scaling in model plant communities},
  author={Zillio, Tommaso and Volkov, Igor and Banavar, Jayanth R and Hubbell, Stephen P and Maritan, Amos},
  journal={Physical review letters},
  volume={95},
  number={9},
  pages={098101},
  year={2005},
  publisher={APS}
}

@book{liggett2013stochastic,
  title={Stochastic interacting systems: contact, voter and exclusion processes},
  author={Liggett, Thomas M},
  volume={324},
  year={2013},
  publisher={springer science \& Business Media}
}

@book{brown1995macroecology,
  title={Macroecology},
  author={Brown, James H},
  year={1995},
  publisher={University of Chicago Press}
}

@article{brown1999macroecology,
  title={Macroecology: progress and prospect},
  author={Brown, James H},
  journal={Oikos},
  pages={3--14},
  year={1999},
  publisher={JSTOR}
}

@article{elowitz2002stochastic,
  title={Stochastic gene expression in a single cell},
  author={Elowitz, Michael B and Levine, Arnold J and Siggia, Eric D and Swain, Peter S},
  journal={Science},
  volume={297},
  number={5584},
  pages={1183--1186},
  year={2002},
  publisher={American Association for the Advancement of Science}
}

@article{kaern2005stochasticity,
  title={Stochasticity in gene expression: from theories to phenotypes},
  author={Kaern, Mads and Elston, Timothy C and Blake, William J and Collins, James J},
  journal={Nature Reviews Genetics},
  volume={6},
  number={6},
  pages={451--464},
  year={2005},
  publisher={Nature Publishing Group UK London}
}

@article{arkin1998stochastic,
  title={Stochastic kinetic analysis of developmental pathway bifurcation in phage $\lambda$-infected Escherichia coli cells},
  author={Arkin, Adam and Ross, John and McAdams, Harley H},
  journal={Genetics},
  volume={149},
  number={4},
  pages={1633--1648},
  year={1998},
  publisher={Oxford University Press}
}


@article{maheshri2007living,
  title={Living with noisy genes: how cells function reliably with inherent variability in gene expression},
  author={Maheshri, Narendra and O’Shea, Erin K},
  journal={Annu. Rev. Biophys. Biomol. Struct.},
  volume={36},
  number={1},
  pages={413--434},
  year={2007},
  publisher={Annual Reviews}
}

@article{raj2008nature,
  title={Nature, nurture, or chance: stochastic gene expression and its consequences},
  author={Raj, Arjun and Van Oudenaarden, Alexander},
  journal={Cell},
  volume={135},
  number={2},
  pages={216--226},
  year={2008},
  publisher={Elsevier}
}

@article{sanchez2013regulation,
  title={Regulation of noise in gene expression},
  author={Sanchez, Alvaro and Choubey, Sandeep and Kondev, Jane},
  journal={Annual review of biophysics},
  volume={42},
  number={1},
  pages={469--491},
  year={2013},
  publisher={Annual Reviews}
}


@article{matsumoto2017scode,
  title={SCODE: an efficient regulatory network inference algorithm from single-cell RNA-Seq during differentiation},
  author={Matsumoto, Hirotaka and Kiryu, Hisanori and Furusawa, Chikara and Ko, Minoru SH and Ko, Shigeru BH and Gouda, Norio and Hayashi, Tetsutaro and Nikaido, Itoshi},
  journal={Bioinformatics},
  volume={33},
  number={15},
  pages={2314--2321},
  year={2017},
  publisher={Oxford University Press}
}

@article{keeling2008horizontal,
  title={Horizontal gene transfer in eukaryotic evolution},
  author={Keeling, Patrick J and Palmer, Jeffrey D},
  journal={Nature Reviews Genetics},
  volume={9},
  number={8},
  pages={605--618},
  year={2008},
  publisher={Nature Publishing Group UK London}
}

@article{newman2005power,
  title={Power laws, Pareto distributions and Zipf's law},
  author={Newman, Mark EJ},
  journal={Contemporary physics},
  volume={46},
  number={5},
  pages={323--351},
  year={2005},
  publisher={Taylor \& Francis}
}

@article{clauset2009power,
  title={Power-law distributions in empirical data},
  author={Clauset, Aaron and Shalizi, Cosma Rohilla and Newman, Mark EJ},
  journal={SIAM review},
  volume={51},
  number={4},
  pages={661--703},
  year={2009},
  publisher={SIAM}
}

@article{lomax1954business,
  title={Business failures: Another example of the analysis of failure data},
  author={Lomax, Kenneth S},
  journal={Journal of the American statistical association},
  volume={49},
  number={268},
  pages={847--852},
  year={1954},
  publisher={Taylor \& Francis}
}


@article{massey1951kolmogorov,
  title={The Kolmogorov-Smirnov test for goodness of fit},
  author={Massey Jr, Frank J},
  journal={Journal of the American statistical Association},
  volume={46},
  number={253},
  pages={68--78},
  year={1951},
  publisher={Taylor \& Francis}
}

@article{anderson1952asymptotic,
  title={Asymptotic theory of certain" goodness of fit" criteria based on stochastic processes},
  author={Anderson, Theodore W and Darling, Donald A},
  journal={The annals of mathematical statistics},
  pages={193--212},
  year={1952},
  publisher={JSTOR}
}

@article{shade2018macroecology,
  title={Macroecology to unite all life, large and small},
  author={Shade, Ashley and Dunn, Robert R and Blowes, Shane A and Keil, Petr and Bohannan, Brendan JM and Herrmann, Martina and K{\"u}sel, Kirsten and Lennon, Jay T and Sanders, Nathan J and Storch, David and others},
  journal={Trends in ecology \& evolution},
  volume={33},
  number={10},
  pages={731--744},
  year={2018},
  publisher={Elsevier}
}

@article{xiang2013generalized,
  title={Generalized simulated annealing for global optimization: the GenSA package.},
  author={Xiang, Yang and Gubian, Sylvain and Suomela, Brian and Hoeng, Julia},
  journal={R J.},
  volume={5},
  number={1},
  pages={13},
  year={2013}
}



@article{joli2024hypometabolism,
  title={Hypometabolism to survive the long polar night and subsequent successful return to light in the diatom Fragilariopsis cylindrus},
  author={Joli, Nathalie and Concia, Lorenzo and Mocaer, Karel and Guterman, Julie and Laude, Juliette and Guerin, Sebastien and Sciandra, Theo and Bruyant, Flavienne and Ait-Mohamed, Ouardia and Beguin, Marine and others},
  journal={New Phytologist},
  volume={241},
  number={5},
  pages={2193--2208},
  year={2024},
  publisher={Wiley Online Library}
}

@article{mock2017evolutionary,
  title={Evolutionary genomics of the cold-adapted diatom Fragilariopsis cylindrus},
  author={Mock, Thomas and Otillar, Robert P and Strauss, Jan and McMullan, Mark and Paajanen, Pirita and Schmutz, Jeremy and Salamov, Asaf and Sanges, Remo and Toseland, Andrew and Ward, Ben J and others},
  journal={Nature},
  volume={541},
  number={7638},
  pages={536--540},
  year={2017},
  publisher={Nature Publishing Group UK London}
}

@article{basu2017finding,
  title={Finding a partner in the ocean: molecular and evolutionary bases of the response to sexual cues in a planktonic diatom},
  author={Basu, Swaraj and Patil, Shrikant and Mapleson, Daniel and Russo, Monia Teresa and Vitale, Laura and Fevola, Cristina and Maumus, Florian and Casotti, Raffaella and Mock, Thomas and Caccamo, Mario and others},
  journal={New Phytologist},
  volume={215},
  number={1},
  pages={140--156},
  year={2017},
  publisher={Wiley Online Library}
}

@article{mccarthy2017nitrate,
  title={Nitrate reductase knockout uncouples nitrate transport from nitrate assimilation and drives repartitioning of carbon flux in a model pennate diatom},
  author={McCarthy, James K and Smith, Sarah R and McCrow, John P and Tan, Maxine and Zheng, Hong and Beeri, Karen and Roth, Robyn and Lichtle, Christian and Goodenough, Ursula and Bowler, Chris P and others},
  journal={The Plant Cell},
  volume={29},
  number={8},
  pages={2047--2070},
  year={2017},
  publisher={American Society of Plant Biologists}
}


@article{smith2016transcriptional,
  title={Transcriptional orchestration of the global cellular response of a model pennate diatom to diel light cycling under iron limitation},
  author={Smith, Sarah R and Gillard, Jeroen TF and Kustka, Adam B and McCrow, John P and Badger, Jonathan H and Zheng, Hong and New, Ashley M and Dupont, Chris L and Obata, Toshihiro and Fernie, Alisdair R and others},
  journal={PLoS Genetics},
  volume={12},
  number={12},
  pages={e1006490},
  year={2016},
  publisher={Public Library of Science San Francisco, CA USA}
}

@article{levitan2015remodeling,
  title={Remodeling of intermediate metabolism in the diatom Phaeodactylum tricornutum under nitrogen stress},
  author={Levitan, Orly and Dinamarca, Jorge and Zelzion, Ehud and Lun, Desmond S and Guerra, L Tiago and Kim, Min Kyung and Kim, Joomi and Van Mooy, Benjamin AS and Bhattacharya, Debashish and Falkowski, Paul G},
  journal={Proceedings of the National Academy of Sciences},
  volume={112},
  number={2},
  pages={412--417},
  year={2015},
  publisher={National Acad Sciences}
}

@article{agarwal2022light,
  title={Light-harvesting complex gene regulation by a MYB-family transcription factor in the marine diatom, Phaeodactylum tricornutum},
  author={Agarwal, Ananya and Di, Rong and Falkowski, Paul G},
  journal={Photosynthesis research},
  volume={153},
  number={1},
  pages={59--70},
  year={2022},
  publisher={Springer}
}

@article{kwon2021fucoxanthin,
  title={Fucoxanthin biosynthesis has a positive correlation with the specific growth rate in the culture of microalga Phaeodactylum tricornutum},
  author={Kwon, Do Yeon and Vuong, Trang Thi and Choi, Jaeyoung and Lee, Taek Sung and Um, Jae-In and Koo, Song Yi and Hwang, Keum Taek and Kim, Sang Min},
  journal={Journal of Applied Phycology},
  volume={33},
  pages={1473--1485},
  year={2021},
  publisher={Springer}
}

@article{cruz2016noncoding,
  title={Noncoding and coding transcriptome responses of a marine diatom to phosphate fluctuations},
  author={Cruz de Carvalho, Maria Helena and Sun, Hai-Xi and Bowler, Chris and Chua, Nam-Hai},
  journal={New Phytologist},
  volume={210},
  number={2},
  pages={497--510},
  year={2016},
  publisher={Wiley Online Library}
}

@article{levering2017integrated,
  title={Integrated regulatory and metabolic networks of the marine diatom Phaeodactylum tricornutum predict the response to rising CO2 levels},
  author={Levering, Jennifer and Dupont, Christopher L and Allen, Andrew E and Palsson, Bernhard O and Zengler, Karsten},
  journal={Msystems},
  volume={2},
  number={1},
  pages={10--1128},
  year={2017},
  publisher={Am Soc Microbiol}
}

@article{li2018transcriptome,
  title={Transcriptome, biochemical and growth responses of the marine phytoplankter Phaeodactylum tricornutum Bohlin (Bacillariophyta) to copepod grazer presence},
  author={Li, Si and Ismar, Stefanie MH},
  journal={Cellular Physiology and Biochemistry},
  volume={46},
  number={3},
  pages={1091--1111},
  year={2018},
  publisher={S. Karger AG Basel, Switzerland}
}


@article{huang2019potential,
  title={A potential role for epigenetic processes in the acclimation response to elevated p CO2 in the model diatom Phaeodactylum tricornutum},
  author={Huang, Ruiping and Ding, Jiancheng and Gao, Kunshan and Cruz de Carvalho, Maria Helena and Tirichine, Leila and Bowler, Chris and Lin, Xin},
  journal={Frontiers in Microbiology},
  volume={9},
  pages={3342},
  year={2019},
  publisher={Frontiers Media SA}
}


@article{zhang2020elevated,
  title={Elevated p CO2 level affects the extracellular polymer metabolism of Phaeodactylum tricornutum},
  author={Zhang, Wei and Tang, Xuexi and Yang, Yingying and Zhang, Xin and Zhang, Xinxin},
  journal={Frontiers in Microbiology},
  volume={11},
  pages={339},
  year={2020},
  publisher={Frontiers Media SA}
}

@article{crick1970central,
  title={Central dogma of molecular biology},
  author={Crick, Francis},
  journal={Nature},
  volume={227},
  number={5258},
  pages={561--563},
  year={1970},
  publisher={Nature Publishing Group UK London}
}

@article{blake2003noise,
  title={Noise in eukaryotic gene expression},
  author={Blake, William J and K{\ae}rn, Mads and Cantor, Charles R and Collins, James J},
  journal={Nature},
  volume={422},
  number={6932},
  pages={633--637},
  year={2003},
  publisher={Nature Publishing Group UK London}
}

@article{raser2004control,
  title={Control of stochasticity in eukaryotic gene expression},
  author={Raser, Jonathan M and O'Shea, Erin K},
  journal={science},
  volume={304},
  number={5678},
  pages={1811--1814},
  year={2004},
  publisher={American Association for the Advancement of Science}
}

@article{chubb2006transcriptional,
  title={Transcriptional pulsing of a developmental gene},
  author={Chubb, Jonathan R and Trcek, Tatjana and Shenoy, Shailesh M and Singer, Robert H},
  journal={Current biology},
  volume={16},
  number={10},
  pages={1018--1025},
  year={2006},
  publisher={Elsevier}
}

@article{kepler2001stochasticity,
  title={Stochasticity in transcriptional regulation: origins, consequences, and mathematical representations},
  author={Kepler, Thomas B and Elston, Timothy C},
  journal={Biophysical journal},
  volume={81},
  number={6},
  pages={3116--3136},
  year={2001},
  publisher={Elsevier}
}

@article{sarmiento2004high,
  title={High-latitude controls of thermocline nutrients and low latitude biological productivity},
  author={Sarmiento, Jorge Louis and Gruber, N and Brzezinski, MA and Dunne, JP},
  journal={Nature},
  volume={427},
  number={6969},
  pages={56--60},
  year={2004},
  publisher={Nature Publishing Group UK London}
}

@article{heinze2015ocean,
  title={The ocean carbon sink--impacts, vulnerabilities and challenges},
  author={Heinze, Christoph and Meyer, Stefanie and Goris, Nadine and Anderson, Leif and Steinfeldt, Reiner and Chang, Nicolette and Le Quere, Corinne and Bakker, Dorothee CE},
  journal={Earth System Dynamics},
  volume={6},
  number={1},
  pages={327--358},
  year={2015},
  publisher={Copernicus GmbH}
}

@article{mistry2021pfam,
  title={Pfam: The protein families database in 2021},
  author={Mistry, Jaina and Chuguransky, Sara and Williams, Lowri and Qureshi, Matloob and Salazar, Gustavo A and Sonnhammer, Erik LL and Tosatto, Silvio CE and Paladin, Lisanna and Raj, Shriya and Richardson, Lorna J and others},
  journal={Nucleic acids research},
  volume={49},
  number={D1},
  pages={D412--D419},
  year={2021},
  publisher={Oxford University Press}
}

@article{balakrishnan2022principles,
  title={Principles of gene regulation quantitatively connect DNA to RNA and proteins in bacteria},
  author={Balakrishnan, Rohan and Mori, Matteo and Segota, Igor and Zhang, Zhongge and Aebersold, Ruedi and Ludwig, Christina and Hwa, Terence},
  journal={Science},
  volume={378},
  number={6624},
  pages={eabk2066},
  year={2022},
  publisher={American Association for the Advancement of Science}
}

@article{audoor2024transcriptional,
  title={Transcriptional chronology reveals conserved genes involved in pennate diatom sexual reproduction},
  author={Audoor, Sien and Bilcke, Gust and Pargana, Katerina and Beli{\v{s}}ov{\'a}, Darja and Thierens, Sander and Van Bel, Michiel and Sterck, Lieven and Rijsdijk, Nadine and Annunziata, Rossella and Ferrante, Maria Immacolata and others},
  journal={Molecular Ecology},
  volume={33},
  number={8},
  pages={e17320},
  year={2024},
  publisher={Wiley Online Library}
}

@article{hay2024population,
  title={Population bottlenecks and sexual recombination shape diatom microevolution},
  author={Hay Mele, Bruno and Ruggiero, Maria Valeria and D'Alelio, Domenico},
  journal={Ecology and Evolution},
  volume={14},
  number={8},
  pages={e11464},
  year={2024},
  publisher={Wiley Online Library}
}

@article{chheda2024factors,
  title={Factors affecting stability of RNA--temperature, length, concentration, pH, and buffering species},
  author={Chheda, Urmi and Pradeepan, Selvi and Esposito, Edward and Strezsak, Steven and Fernandez-Delgado, Olivia and Kranz, James},
  journal={Journal of Pharmaceutical Sciences},
  volume={113},
  number={2},
  pages={377--385},
  year={2024},
  publisher={Elsevier}
}

@article{becskei2022life,
  title={The life and death of RNA across temperatures},
  author={Becskei, Attila and Rahaman, Sayanur},
  journal={Computational and structural biotechnology journal},
  volume={20},
  pages={4325--4336},
  year={2022},
  publisher={Elsevier}
}

@article{venkataraman2018spike,
  title={Spike-in genomic DNA for validating performance of metagenomics workflows},
  author={Venkataraman, Arvind and Parlov, Mirjana and Hu, Ping and Schnell, Dan and Wei, Xingtao and Tiesman, Jay P},
  journal={Biotechniques},
  volume={65},
  number={6},
  pages={315--321},
  year={2018},
  publisher={Taylor \& Francis}
}


@incollection{kumar2024next,
  title={Next Generation Sequencing in Metagenomics and Metatranscriptomics},
  author={Kumar, Ajay and Yadav, Anuj},
  booktitle={Multi-Omics Analysis of the Human Microbiome: From Technology to Clinical Applications},
  pages={49--75},
  year={2024},
  publisher={Springer}
}

@article{nohe2020marked,
  title={Marked changes in diatom and dinoflagellate biomass, composition and seasonality in the Belgian Part of the North Sea between the 1970s and 2000s},
  author={Nohe, Anja and Goffin, Annelies and Tyberghein, Lennert and Lagring, Ruth and De Cauwer, Karien and Vyverman, Wim and Sabbe, Koen},
  journal={Science of the Total Environment},
  volume={716},
  pages={136316},
  year={2020},
  publisher={Elsevier}
}


@article{campese2024nerea,
  title={the NEREa augmented Observatory: an integrative approach to marine coastal ecology},
  author={Campese, Lucia and Russo, Luca and Abagnale, Maria and Alberti, Adriana and Bachi, Giancarlo and Balestra, Cecilia and Bellardini, Daniele and Buondonno, Angela and Cardini, Ulisse and Carotenuto, Ylenia and others},
  journal={Scientific Data},
  volume={11},
  number={1},
  pages={989},
  year={2024},
  publisher={Nature Publishing Group UK London}
}

@article{orourke2014low,
  title = {Low rank perturbations of large elliptic random matrices},
  volume = {19},
  ISSN = {1083-6489},
  url = {http://dx.doi.org/10.1214/EJP.v19-3057},
  DOI = {10.1214/ejp.v19-3057},
  number = {none},
  journal = {Electronic Journal of Probability},
  publisher = {Institute of Mathematical Statistics},
  author = {O’Rourke,  Sean and Renfrew,  David},
  year = {2014},
  month = jan 
}

@article{sompolinsky1981dynamic,
  title={Dynamic theory of the spin-glass phase},
  author={Sompolinsky, Haim and Zippelius, Annette},
  journal={Physical Review Letters},
  volume={47},
  number={5},
  pages={359},
  year={1981},
  publisher={APS}
}

@article{sompolinsky1982relaxational,
  title={Relaxational dynamics of the Edwards-Anderson model and the mean-field theory of spin-glasses},
  author={Sompolinsky, Haim and Zippelius, Annette},
  journal={Physical Review B},
  volume={25},
  number={11},
  pages={6860},
  year={1982},
  publisher={APS}
}

@article{sompolinsky1988chaos,
  title={Chaos in random neural networks},
  author={Sompolinsky, Haim and Crisanti, Andrea and Sommers, Hans-Jurgen},
  journal={Physical review letters},
  volume={61},
  number={3},
  pages={259},
  year={1988},
  publisher={APS}
}

@article{kadmon2015transition,
  title={Transition to chaos in random neuronal networks},
  author={Kadmon, Jonathan and Sompolinsky, Haim},
  journal={Physical Review X},
  volume={5},
  number={4},
  pages={041030},
  year={2015},
  publisher={APS}
}

@article{hatchett2004parallel,
  title={Parallel dynamics of disordered Ising spin systems on finitely connected random graphs},
  author={Hatchett, JPL and Wemmenhove, B and Castillo, I P{\'e}rez and Nikoletopoulos, T and Skantzos, NS and Coolen, ACC},
  journal={Journal of Physics A: Mathematical and General},
  volume={37},
  number={24},
  pages={6201},
  year={2004},
  publisher={IOP Publishing}
}

@article{aurell2012dynamic,
  title={Dynamic mean-field and cavity methods for diluted Ising systems},
  author={Aurell, Erik and Mahmoudi, Hamed},
  journal={Physical Review E—Statistical, Nonlinear, and Soft Matter Physics},
  volume={85},
  number={3},
  pages={031119},
  year={2012},
  publisher={APS}
}

@article{mata2013pair,
  title={Pair quenched mean-field theory for the susceptible-infected-susceptible model on complex networks},
  author={Mata, Ang{\'e}lica S and Ferreira, Silvio C},
  journal={Europhysics Letters},
  volume={103},
  number={4},
  pages={48003},
  year={2013},
  publisher={IOP Publishing}
}

@article{azaele2024generalized,
  title = {Generalized Dynamical Mean Field Theory for Non-Gaussian Interactions},
  volume = {133},
  ISSN = {1079-7114},
  url = {http://dx.doi.org/10.1103/PhysRevLett.133.127401},
  DOI = {10.1103/physrevlett.133.127401},
  number = {12},
  journal = {Physical Review Letters},
  publisher = {American Physical Society (APS)},
  author = {Azaele,  Sandro and Maritan,  Amos},
  year = {2024},
  month = sep 
}

@article{ben2006cugliandolo,
  title={Cugliandolo-Kurchan equations for dynamics of spin-glasses},
  author={Ben Arous, G{\'e}rard and Dembo, Amir and Guionnet, Alice},
  journal={Probability theory and related fields},
  volume={136},
  number={4},
  pages={619--660},
  year={2006},
  publisher={Springer}
}


@article{pascoal2021microbial,
  title={The microbial rare biosphere: current concepts, methods and ecological principles},
  author={Pascoal, Francisco and Costa, Rodrigo and Magalh{\~a}es, Catarina},
  journal={FEMS Microbiology Ecology},
  volume={97},
  number={1},
  pages={fiaa227},
  year={2021},
  publisher={Oxford University Press}
}

@article{lynch2015ecology,
  title={Ecology and exploration of the rare biosphere},
  author={Lynch, Michael DJ and Neufeld, Josh D},
  journal={Nature Reviews Microbiology},
  volume={13},
  number={4},
  pages={217--229},
  year={2015},
  publisher={Nature Publishing Group UK London}
}

@article{elshahed2008novelty,
  title={Novelty and uniqueness patterns of rare members of the soil biosphere},
  author={Elshahed, Mostafa S and Youssef, Noha H and Spain, Anne M and Sheik, Cody and Najar, Fares Z and Sukharnikov, Leonid O and Roe, Bruce A and Davis, James P and Schloss, Patrick D and Bailey, Vanessa L and others},
  journal={Applied and Environmental Microbiology},
  volume={74},
  number={17},
  pages={5422--5428},
  year={2008},
  publisher={American Society for Microbiology}
}

@article{helm2013annual,
  title={Annual rhythms that underlie phenology: biological time-keeping meets environmental change},
  author={Helm, Barbara and Ben-Shlomo, Rachel and Sheriff, Michael J and Hut, Roelof A and Foster, Russell and Barnes, Brian M and Dominoni, Davide},
  journal={Proceedings of the Royal Society B: Biological Sciences},
  volume={280},
  number={1765},
  pages={20130016},
  year={2013},
  publisher={The Royal Society}
}

@article{visser2010phenology,
  title={Phenology, seasonal timing and circannual rhythms: towards a unified framework},
  author={Visser, Marcel E and Caro, Samuel P and Van Oers, Kees and Schaper, Sonja V and Helm, Barbara},
  journal={Philosophical Transactions of the Royal Society B: Biological Sciences},
  volume={365},
  number={1555},
  pages={3113--3127},
  year={2010},
  publisher={The Royal Society}
}

@article{gwinner1996circadian,
  title={Circadian and circannual programmes in avian migration},
  author={Gwinner, Eberhard},
  journal={Journal of Experimental Biology},
  volume={199},
  number={1},
  pages={39--48},
  year={1996},
  publisher={The Company of Biologists Ltd}
}

@article{harmer2000orchestrated,
  title={Orchestrated transcription of key pathways in Arabidopsis by the circadian clock},
  author={Harmer, Stacey L and Hogenesch, John B and Straume, Marty and Chang, Hur-Song and Han, Bin and Zhu, Tong and Wang, Xun and Kreps, Joel A and Kay, Steve A},
  journal={Science},
  volume={290},
  number={5499},
  pages={2110--2113},
  year={2000},
  publisher={American Association for the Advancement of Science}
}

@article{aylward2015microbial,
  title={Microbial community transcriptional networks are conserved in three domains at ocean basin scales},
  author={Aylward, Frank O and Eppley, John M and Smith, Jason M and Chavez, Francisco P and Scholin, Christopher A and DeLong, Edward F},
  journal={Proceedings of the National Academy of Sciences},
  volume={112},
  number={17},
  pages={5443--5448},
  year={2015},
  publisher={National Academy of Sciences}
}

@article{schmitz2010predator,
  title={Predator control of ecosystem nutrient dynamics},
  author={Schmitz, Oswald J and Hawlena, Dror and Trussell, Geoffrey C},
  journal={Ecology letters},
  volume={13},
  number={10},
  pages={1199--1209},
  year={2010},
  publisher={Wiley Online Library}
}


@article{holley1975ergodic,
  title={Ergodic theorems for weakly interacting infinite systems and the voter model},
  author={Holley, Richard A and Liggett, Thomas M},
  journal={The annals of probability},
  pages={643--663},
  year={1975},
  publisher={JSTOR}
}

@article{kingman1982coalescent,
  title={The coalescent},
  author={Kingman, John Frank Charles},
  journal={Stochastic processes and their applications},
  volume={13},
  number={3},
  pages={235--248},
  year={1982},
  publisher={Elsevier}
}

@article{rosindell2008coalescence,
  title={A coalescence approach to spatial neutral ecology},
  author={Rosindell, James and Wong, Yan and Etienne, Rampal S},
  journal={Ecological Informatics},
  volume={3},
  number={3},
  pages={259--271},
  year={2008},
  publisher={Elsevier}
}

@article{rosindell2007species,
  title={Species--area relationships from a spatially explicit neutral model in an infinite landscape},
  author={Rosindell, James and Cornell, Stephen J},
  journal={Ecology letters},
  volume={10},
  number={7},
  pages={586--595},
  year={2007},
  publisher={Wiley Online Library}
}

@article{bittner2010some,
  title={Some considerations for analyzing biodiversity using integrative metagenomics and gene networks},
  author={Bittner, Lucie and Halary, S{\'e}bastien and Payri, Claude and Cruaud, Corinne and de Reviers, Bruno and Lopez, Philippe and Bapteste, Eric},
  journal={Biology direct},
  volume={5},
  pages={1--17},
  year={2010},
  publisher={Springer}
}

@book{mayr1942systematics,
  title={Systematics and the origin of species, from the viewpoint of a zoologist},
  author={Mayr, Ernst},
  year={1942},
  publisher={Harvard University Press}
}

@article{doolittle2006genomics,
  title={Genomics and the bacterial species problem},
  author={Doolittle, W Ford and Papke, R Thane},
  journal={Genome biology},
  volume={7},
  pages={1--7},
  year={2006},
  publisher={Springer}
}

@article{achtman2008microbial,
  title={Microbial diversity and the genetic nature of microbial species},
  author={Achtman, Mark and Wagner, Michael},
  journal={Nature reviews microbiology},
  volume={6},
  number={6},
  pages={431--440},
  year={2008},
  publisher={Nature Publishing Group UK London}
}

@article{rossello2001species,
  title={The species concept for prokaryotes},
  author={Rossell{\'o}-Mora, Ramon and Amann, Rudolf},
  journal={FEMS microbiology reviews},
  volume={25},
  number={1},
  pages={39--67},
  year={2001},
  publisher={Blackwell Publishing Ltd Oxford, UK}
}


@article{ereshefsky2010microbiology,
  title={Microbiology and the species problem},
  author={Ereshefsky, Marc},
  journal={Biology \& Philosophy},
  volume={25},
  pages={553--568},
  year={2010},
  publisher={Springer}
}


@article{wheeler2000phylogenetic,
  title={The phylogenetic species concept (sensu Wheeler and Platnick)},
  author={Wheeler, Quentin D},
  journal={Species concepts and phylogenetic theory: a debate},
  pages={55--69},
  year={2000},
  publisher={Columbia University Press New York, NY}
}

@article{swaine1988definition,
  title={On the definition of ecological species groups in tropical rain forests},
  author={Swaine, Michael D and Whitmore, Timothy C},
  journal={Vegetatio},
  volume={75},
  pages={81--86},
  year={1988},
  publisher={Springer}
}

@article{stackebrandt1994taxonomic,
  title={Taxonomic note: a place for DNA-DNA reassociation and 16S rRNA sequence analysis in the present species definition in bacteriology},
  author={Stackebrandt, EaBMG and Goebel, Brett M},
  journal={International journal of systematic and evolutionary microbiology},
  volume={44},
  number={4},
  pages={846--849},
  year={1994},
  publisher={Microbiology Society}
}

@article{pontius200321,
  title={21. UniGene: A unified view of the transcriptome},
  author={Pontius, Joan U and Wagner, Lukas and Schuler, Gregory D},
  journal={The NCBI Handbook. Bethesda, MD: National Library of Medicine (US), NCBI},
  year={2003}
}

@article{purvis2000getting,
  title={Getting the measure of biodiversity},
  author={Purvis, Andy and Hector, Andy},
  journal={Nature},
  volume={405},
  number={6783},
  pages={212--219},
  year={2000},
  publisher={Nature Publishing Group UK London}
}

@article{faith1992conservation,
  title={Conservation evaluation and phylogenetic diversity},
  author={Faith, Daniel P},
  journal={Biological conservation},
  volume={61},
  number={1},
  pages={1--10},
  year={1992},
  publisher={Elsevier}
}

@article{brown1989macroecology,
  title={Macroecology: the division of food and space among species on continents},
  author={Brown, James H and Maurer, Brian A},
  journal={Science},
  volume={243},
  number={4895},
  pages={1145--1150},
  year={1989},
  publisher={American Association for the Advancement of Science}
}

@article{mcgill2019unifying,
  title={Unifying macroecology and macroevolution to answer fundamental questions about biodiversity},
  author={McGill, Brian J and Chase, Jonathan M and Hortal, Joaqu{\'\i}n and Overcast, Isaac and Rominger, Andrew J and Rosindell, James and Borges, Paulo AV and Emerson, Brent C and Etienne, Rampal S and Hickerson, Michael J and others},
  journal={Global Ecology and Biogeography},
  volume={28},
  number={12},
  pages={1925--1936},
  year={2019},
  publisher={Wiley Online Library}
}


@article{schaffer1985order,
  title={Order and chaos in ecological systems},
  author={Schaffer, William M},
  journal={Ecology},
  volume={66},
  number={1},
  pages={93--106},
  year={1985},
  publisher={Wiley Online Library}
}


@book{devaney1989introduction,
  title={An introduction to chaotic dynamical systems},
  author={Devaney, Robert},
  year={1989},
  publisher={CRC press}
}

@book{lande2003stochastic,
  title={Stochastic population dynamics in ecology and conservation},
  author={Lande, Russell and Engen, Steinar and Saether, Bernt-Erik},
  year={2003},
  publisher={Oxford University Press, USA}
}


@book{gilpin1991metapopulation,
  title={Metapopulation dynamics: empirical and theoretical investigations},
  author={Gilpin, Michael and Hanski, Ilka},
  year={1991},
  publisher={Academic press}
}


@article{wilson1992complex,
  title={Complex interactions in metacommunities, with implications for biodiversity and higher levels of selection},
  author={Wilson, David Sloan},
  journal={Ecology},
  volume={73},
  number={6},
  pages={1984--2000},
  year={1992},
  publisher={Wiley Online Library}
}

@article{leibold2004metacommunity,
  title={The metacommunity concept: a framework for multi-scale community ecology},
  author={Leibold, Mathew A and Holyoak, Marcel and Mouquet, Nicolas and Amarasekare, Priyanga and Chase, Jonathan M and Hoopes, Martha F and Holt, Robert D and Shurin, Jonathan B and Law, Richard and Tilman, David and others},
  journal={Ecology letters},
  volume={7},
  number={7},
  pages={601--613},
  year={2004},
  publisher={Wiley Online Library}
}

@article{tilman1994competition,
  title={Competition and biodiversity in spatially structured habitats},
  author={Tilman, David},
  journal={Ecology},
  volume={75},
  number={1},
  pages={2--16},
  year={1994},
  publisher={Wiley Online Library}
}


@article{levins1969some,
  title={Some demographic and genetic consequences of environmental heterogeneity for biological control},
  author={Levins, Richard},
  journal={Bulletin of the ESA},
  volume={15},
  number={3},
  pages={237--240},
  year={1969},
  publisher={Oxford University Press Oxford, UK}
}

@article{leibold1998similarity,
  title={Similarity and local co-existence of species in regional biotas},
  author={Leibold, MATHEW A},
  journal={Evolutionary Ecology},
  volume={12},
  pages={95--110},
  year={1998},
  publisher={Springer}
}

@book{chase2005ecological,
  title={Ecological niches: linking classical and contemporary approaches},
  author={Chase, Jonathan M and Leibold, Mathew A},
  year={2005},
  publisher={University of Chicago Press}
}

@article{mouquet2003community,
  title={Community patterns in source-sink metacommunities},
  author={Mouquet, Nicolas and Loreau, Michel},
  journal={The american naturalist},
  volume={162},
  number={5},
  pages={544--557},
  year={2003},
  publisher={The University of Chicago Press}
}

@book{levin2009princeton,
  title={The Princeton guide to ecology},
  author={Levin, Simon A and Carpenter, Stephen R and Godfray, H Charles J and Kinzig, Ann P and Loreau, Michel and Losos, Jonathan B and Walker, Brian and Wilcove, David S},
  year={2009},
  publisher={Princeton University Press}
}

@misc{holling1973resilience,
  title={Resilience and stability of ecological systems},
  author={Holling, Crawford S and others},
  year={1973},
  publisher={International Institute for Applied Systems Analysis Laxenburg}
}

@book{may2019stability,
  title={Stability and complexity in model ecosystems},
  author={May, Robert M},
  year={2019},
  publisher={Princeton university press}
}

@article{folke2004regime,
  title={Regime shifts, resilience, and biodiversity in ecosystem management},
  author={Folke, Carl and Carpenter, Steve and Walker, Brian and Scheffer, Marten and Elmqvist, Thomas and Gunderson, Lance and Holling, Crawford Stanley},
  journal={Annu. Rev. Ecol. Evol. Syst.},
  volume={35},
  number={1},
  pages={557--581},
  year={2004},
  publisher={Annual Reviews}
}

@article{ives2007stability,
  title={Stability and diversity of ecosystems},
  author={Ives, Anthony R and Carpenter, Stephen R},
  journal={science},
  volume={317},
  number={5834},
  pages={58--62},
  year={2007},
  publisher={American Association for the Advancement of Science}
}

@article{begon1996ecology,
  title={Ecology: individuals, populations and communities.},
  author={Begon, Michael and Harper, John L and Townsend, Colin R},
  year={1996}
}

@book{douglas2021symbiotic,
  title={The symbiotic habit},
  author={Douglas, Angela E},
  year={2021},
  publisher={Princeton University Press}
}